2866 4906
113 241 182 296 Car.
197 236 245 305 V.]
406 237 517 293 leals
541 237 585 292 IN
606 235 818 302 PERSONAS,
839 237 926 291 Ere.
1152 226 1215 290 301

116 448 120 453 -
184 403 242 466 IX.
284 402 304 465 1
339 401 406 467 Nec
426 400 512 466 aliud
534 410 569 467 ut
590 400 766 489 conjugium
789 399 936 465 subsistat
956 407 1071 464 natura
1093 398 1218 465 videtur

113 500 297 588 requirere:
323 500 379 565 eed
398 521 455 565 nec
481 499 586 566 divina
607 499 660 565 lex
685 499 817 586 amplius
834 498 958 564 ridetur
981 497 1120 586 exegisse
1144 506 1219 563 ante

113 599 279 687 Evangelii
304 599 570 686 propagationem.
626 600 709 664 Nam
738 607 771 664 et
794 591 874 664 ¹¹viri
899 597 999 664 sancti
1023 605 1097 662 ante
1115 597 1218 684 legem

113 701 221 788 pluras
245 720 307 764 una
332 720 446 763 uxores
470 698 656 773 habuerunt,
682 689 729 762 iet
749 696 782 761 in
800 697 872 784 lege
893 704 1052 810 praecepta
1076 696 1218 781 quaedam
1231 713 1380 754 nasute

115 800 231 865 dantur
251 797 309 874 his,
336 797 389 883 qui
412 796 518 884 plures
539 817 601 861 una
617 797 762 872 habeant,
789 805 823 862 et
843 795 913 884 regi
934 795 1157 883 praecribitur,
1183 804 1219 860 ut
1231 813 1292 853 neue
1301 813 1352 854 „u

116 920 174 963 nec
199 919 330 962 uxorum
351 917 409 960 nec
431 917 582 982 equorum
605 895 731 960 nimiam
754 894 812 960 sibi
837 894 988 960 adsciscat
1012 894 1140 982 copiam,
1165 895 1220 959 ubi
1232 860 1299 908 ΗΜ
1323 928 1325 932 ν
1377 917 1382 927 ’

117 995 247 1062 Hebroei
263 995 449 1081 interpretes
465 1003 577 1060 notant
593 993 801 1060 octodecim
777 1015 844 1059 eive
860 1016 974 1060 uxores
994 992 1060 1058 eive
1079 992 1221 1058 concubi·

116 1118 173 1160 nae
192 1094 263 1182 regi
279 1094 374 1160 fuisse
395 1115 564 1168 concessas,
587 1103 621 1159 et
637 1093 754 1160 Davidi
771 1094 858 1159 Deus
875 1092 1018 1180 imputat,
1040 1085 1147 1179 ¹‘quod
1163 1115 1221 1158 ux·
1232 1110 1383 1150 semme

117 1217 188 1260 ores
204 1194 232 1259 ei
250 1193 425 1280 complures
441 1201 474 1257 et
490 1191 615 1278 quidem
631 1192 767 1258 illustres
784 1193 927 1258 dedisset
1373 1210 1377 1217 “

187 1296 208 1359 2
243 1293 294 1358 Sic
323 1301 356 1357 et
382 1291 538 1356 dimittere
564 1312 694 1356 uxorem
718 1291 835 1356 volenti
859 1292 969 1356 modus
998 1290 1220 1379 praescribitur,
1234 1305 1383 1348 mxxiv-t

118 1414 175 1458 neo
192 1391 349 1458 dimissam
366 1391 481 1455 ducere
502 1389 664 1476 quisquam
681 1389 859 1477 impeditur,
877 1400 995 1476 prater
1011 1413 1092 1467 eum,
1106 1390 1160 1477 qui
1175 1390 1222 1456 di-

118 1491 210 1568 misit,
232 1483 278 1556 ¹et
300 1489 501 1555 sacerdotem.
545 1490 623 1553 Haec
644 1498 750 1554 tamen
773 1490 815 1555 ad
836 1488 930 1554 alium
951 1490 1097 1556 maritum
1119 1503 1222 1556 trans·

119 1591 212 1656 eundi
234 1590 363 1655 libertas
382 1588 449 1674 ipso
471 1588 606 1653 naturali
619 1587 691 1674 jure
708 1588 753 1654 ita
770 1589 989 1677 restringenda
1010 1598 1068 1667 est,
1089 1611 1129 1654 ne
1149 1589 1222 1654 inde

118 1690 194 1754 oriri
211 1688 307 1776 possit
323 1687 420 1774 prolis
435 1687 581 1752 confusio.
623 1687 707 1778 Hinc
723 1687 777 1752 illa
792 1688 877 1773 apud
894 1687 1035 1754 Tacitum
1048 1687 1129 1774 juris
1146 1710 1221 1775 pon·
1233 1708 1312 1748 sear.
1322 1708 1352 1748 ro

118 1787 202 1854 tificii
219 1786 368 1873 quaetio:
386 1808 431 1850 ars
447 1799 608 1872 concepte,
627 1789 763 1854 amdam
779 1789 866 1853 edito
878 1801 983 1872 partu
999 1790 1063 1855 rite
1076 1784 1221 1854 habaet.

119 1984 186 2019 xvir.
204 1973 226 2019 1.
246 1971 355 2031 πάτριον
374 1970 401 2017 ἐν
420 1973 509 2032 sacrepi
528 1971 647 2020 πλείοσιν
740 1973 796 2019 *Et
810 1971 964 2034 sacerdotem]
980 1973 1149 2021 horiente.
1173 1974 1223 2021 Be-

118 2047 178 2104 ἡμῖν
195 2050 330 2092 συνοικεῖν·
345 2045 403 2091 Mes
415 2045 483 2091 nobis
492 2047 591 2106 petrlw
607 2061 647 2093 eo-
694 2050 800 2111 pndiatae
818 2052 901 2097 addita
917 2051 989 2097 vidua
1008 2051 1096 2097 ibidem
1111 2066 1174 2098 vers.
1184 2053 1222 2098 14.

120 2121 171 2177 ιὶιιιι
200 2126 302 2181 tempere
326 2121 409 2180 plures
438 2121 525 2169 haben
551 2135 647 2169 uxorea
695 2126 760 2185 quod
781 2126 812 2171 de
832 2126 941 2185 principe
961 2126 1085 2172 secerdote
1104 2126 1224 2173 intellexit

121 2195 145 2256 (5
153 2196 186 2254 2).
695 2199 773 2255 Philo,
793 2199 843 2258 (De
860 2199 987 2246 Mamerci.
1007 2213 1064 2259 pag.
1083 2200 1127 2246 827
1143 2199 1178 2257 Α.)
1199 2204 1225 2246 et

165 2270 177 2305 ἱ
194 2271 265 2330 Quod
278 2285 364 2318 uxores
377 2270 401 2317 ei
415 2271 545 2330 complures
557 2274 580 2317 et
593 2269 647 2330 qai·
695 2274 804 2335 plerique
825 2273 895 2319 hodie
912 2273 1063 2332 interpretes,
1078 2274 1109 2319 ob
1124 2287 1153 2319 es
1170 2287 1225 2334 quse

121 2346 173 2392 dem
183 2346 286 2393 illustres
296 2345 409 2406 ἀιιιιιοιι]
426 2343 443 2392 J
446 2345 549 2404 oeephus
559 2359 588 2390 eo
599 2345 648 2391 his·
695 2348 836 2408 precedunt
853 2352 971 2394 commate
992 2350 1029 2395 10.
1056 2353 1081 2394 et
1103 2348 1224 2408 deinceps.

122 2421 268 2469 torisolooo:
284 2420 358 2467 δόντο
360 2437 371 2466 s
386 2420 453 2466 el·
426 2438 457 2466 ον
458 2437 494 2479 τῳ
510 2420 636 2478 acolyti
582 2423 649 2465 νῖ-νιι
697 2423 745 2470 Sed
752 2424 862 2484 quemvis
869 2424 1016 2470 sacerdotem
1026 2422 1130 2482 intelligi
1137 2423 1225 2470 debere

123 2513 175 2554 xer,
155 2494 214 2542 esis
229 2495 284 2541 διιικ
287 2495 314 2541 icc
315 2494 383 2540 exal
400 2493 493 2552 scaptium
475 2493 572 2552 ινιιίγα
567 2492 650 2553 'wo'
697 2497 804 2543 ostendit
819 2495 933 2542 Ezechiel
946 2497 1002 2543 xliv.
1013 2499 1051 2542 22.
1068 2495 1115 2542 et
1107 2509 1133 2541 ιιι
1148 2496 1226 2556 expli·
1234 2493 1237 2499 ’

122 2527 252 2617 curriDeus
265 2570 288 2616 ei
297 2583 383 2616 uxores
395 2569 502 2623 meses,
517 2567 651 2628 ονοοίιιιιι
698 2571 792 2618 oetione
810 2570 878 2632 legis,
898 2576 928 2618 nt
952 2576 978 2618 et
1001 2577 1085 2618 contm
1105 2571 1226 2632 Apionem

123 2647 260 2707 acleps'time
269 2646 356 2692 taem
358 2644 466 2704 posset(
471 2643 528 2690 Ant.
536 2643 596 2690 Jud.
603 2656 650 2691 ιιι.
697 2646 776 2705 primo
786 2645 921 2706 Josephne:
937 2647 1103 2693 connectenda
1112 2660 1172 2706 ergo
1187 2648 1228 2694 lex

123 2722 145 2768 7.
158 2721 172 2781 5
183 2720 219 2780 3).
236 2721 347 2767 Pesioths
356 2721 386 2766 ad
396 2719 474 2766 Lavit
486 2731 564 2766 xum.
576 2718 651 2764 notis·
698 2733 753 2765 cum
767 2719 837 2765 initio
853 2720 945 2779 capitis,
960 2726 989 2767 ut
1003 2721 1045 2767 ills
1063 2722 1094 2767 de
1113 2721 1228 2782 pontifice

124 2796 209 2841 simum
224 2796 260 2842 sit
274 2809 333 2851 esse,
349 2808 403 2840 eum
419 2793 461 2854 qui
476 2794 540 2840 dicat
550 2794 651 2839 vetitum
698 2793 802 2839 maximo
812 2795 890 2840 obiter
899 2794 947 2840 sint
954 2794 1102 2854 interposita
1119 2795 1228 2857 [Altero

107 2921 111 2930 ,
125 2884 176 2917 esse
193 2870 281 2916 hebere
295 2870 377 2931 plures
391 2883 477 2916 uxores
492 2869 583 2915 nescire
594 2868 652 2929 quid
700 2868 820 2928 Josephus
835 2870 923 2916 diserte
933 2869 999 2927 dicit,
1009 2870 1054 2916 soli
1070 2871 1227 2934 secerdotum

125 2946 157 2993 sit
167 2946 198 2991 de
207 2945 270 3004 lege.
697 2943 800 3010 principi
818 2944 919 2992 vetitum
937 2957 989 2991 esse
1008 2943 1096 2991 ducem
1115 2944 1227 3003 Viduam,

124 3198 203 3247 mute
218 3192 343 3248 animale.
389 3193 447 3245 But
462 3191 492 3244 in
506 3208 582 3257 man,
599 3209 630 3247 ae
644 3192 729 3264 being
742 3210 761 3247 a
780 3194 901 3248 rational
921 3199 1059 3258 creature,
1081 3198 1113 3247 to
1133 3192 1228 3249 thiais

125 3277 219 3332 added
232 3294 250 3331 a
270 3294 329 3332 vow
352 3276 386 3330 ei
403 3275 513 3347 tidelity
528 3277 567 3348 by
587 3276 678 3331 which
699 3277 749 3332 the
769 3294 879 3332 woman
900 3278 983 3331 binde
1005 3277 1114 3332 herself
1134 3284 1164 3332 to
1179 3277 1229 3334 the

126 3378 200 3415 man.

182 3446 235 3499 IX.
275 3451 288 3498 1
312 3445 374 3500 Nor
388 3445 456 3501 does
470 3452 571 3503 nature
582 3462 688 3517 appear
699 3451 730 3501 to
741 3446 852 3517 require
866 3462 922 3516 any
933 3445 1015 3517 thing
1028 3463 1107 3502 more
1122 3447 1169 3503 fer
1180 3447 1230 3504 the

128 3531 267 3585 existence
282 3530 316 3584 of
332 3532 479 3602 marriage.
524 3533 586 3587 Nor
605 3533 672 3587 does
691 3532 741 3588 the
763 3532 856 3587 divine
877 3531 931 3585 law
949 3547 1024 3587 seem
1047 3537 1078 3587 ιο
1098 3532 1171 3589 have
1184 3551 1230 3589 re·

129 3616 227 3687 quired
245 3632 332 3681 mere,
349 3616 447 3672 before
464 3617 514 3672 the
531 3618 767 3690 propagationes
780 3617 830 3672 the
846 3617 952 3689 gospel.
995 3618 1053 3673 For
1070 3618 1138 3691 hely
1155 3636 1230 3686 men,

128 3703 227 3758 before
238 3701 288 3757 the
302 3703 364 3767 law,
378 3701 433 3756 bad
448 3719 527 3759 more
542 3703 611 3759 than
623 3719 678 3758 one
689 3703 770 3768 wife;
786 3704 843 3757 and
857 3704 887 3757 in
899 3702 949 3758 the
962 3704 1024 3768 law,
1035 3713 1165 3777 precepts
1179 3723 1230 3762 are

128 3790 211 3860 giren
223 3795 253 3842 to
269 3788 349 3843 those
362 3788 423 3844 who
435 3789 506 3844 hare
520 3806 599 3844 more
614 3788 684 3843 than
699 3805 771 3854 one;
791 3790 848 3843 and
863 3788 913 3844 the
926 3789 1029 3860 iringis
1043 3792 1230 3847 commanded

128 3882 180 3929 not
192 3881 222 3929 to
235 3875 306 3929 have
318 3892 403 3945 many
414 3876 505 3940 wives,
520 3893 553 3930 or
565 3875 678 3939 horsee;
696 3875 810 3930 whence
822 3875 871 3930 the
880 3873 1001 3930 Hebrew
1012 3885 1230 3934 commentatore

129 3968 196 4017 note
208 3960 271 4015 that
285 3961 334 4016 the
344 3961 413 4032 king
424 3962 514 4032 might
525 3962 597 4016 have
609 3960 740 4032 eighteen
751 3962 834 4016 wives
848 3977 881 4015 or
892 3961 1080 4029 concubiness
1100 3965 1155 4019 and
1166 3956 1230 4021 (led

128 4064 191 4120 says
206 4054 237 4102 to
249 4047 342 4101 David
356 4047 419 4101 that
433 4046 470 4101 he
488 4047 544 4102 had
558 4048 640 4119 ςὶιοιι
651 4046 711 4101 him
725 4063 810 4117 many
824 4048 917 4103 wives.

184 4140 202 4186 2
223 4131 287 4187 And
307 4134 337 4187 in
353 4133 410 4187 like
425 4150 574 4188 manners
589 4149 699 4204 process
714 4133 738 4187 is
753 4133 905 4204 appointed
920 4132 967 4189 for
979 4132 1040 4189 him
1055 4134 1116 4189 who
1131 4132 1231 4190 wishes

130 4221 161 4271 to
176 4223 228 4286 put
242 4235 321 4290 away
339 4218 382 4272 hie
398 4219 478 4283 wife;
505 4220 561 4274 and
576 4226 614 4273 no
632 4219 726 4274 eneis
745 4218 907 4291 prohibited
925 4218 1001 4275 from
1018 4221 1161 4291 marrying
1178 4219 1231 4274 her

133 4301 195 4355 who
212 4304 236 4357 is
250 4310 302 4375 put
315 4321 402 4376 away,
417 4312 517 4378 except
534 4305 594 4358 him
608 4304 670 4360 who
686 4311 738 4377 put
758 4305 810 4361 ber
827 4323 914 4377 away,
931 4306 1020 4359 anda
1038 4305 1136 4375 priest.
1172 4306 1230 4361 But

132 4385 189 4442 thie
203 4387 305 4463 liberty
322 4390 354 4445 oi
369 4391 455 4465 going
471 4397 502 4449 to
520 4390 640 4448 another
653 4390 783 4449 husband
796 4391 821 4449 is
834 4397 865 4448 to
883 4392 921 4448 be
941 4407 973 4449 so
987 4390 1143 4456 restricted,
1160 4406 1232 4447 eren
