2866 4906
233 166 277 236 ‘78
431 177 487 234 en
507 177 682 234 asculan
703 176 874 244 uncum
894 176 1048 235 onsnnm
1070 175 1140 233 stu.
1221 176 1334 250 [unu

72 358 130 444 pm
138 358 214 405 nnn
237 345 348 421 tiones,
367 345 452 410 bello
468 357 663 411 noscantur.
703 341 858 410 Maximus
876 343 1014 455 Tyrius.
1030 347 1083 414 vio
1098 341 1208 426 μεστὰ
1224 341 1337 414 πάντα

237 438 396 522 πολέμου·
429 443 463 510 ul
496 440 566 535 ‘ydp
598 438 764 525 ἐπιθυμίαι
802 440 993 511 πλανῶνται
1030 449 1217 537 πανταχοῦ,
1256 444 1334 561 erupi

237 545 350 610 πᾶσαν
382 544 452 632 ’γῆν
486 539 545 615 τᾶς
578 538 817 627 πλεονεξίας
801 542 1046 633 επογεῖρονσαι.
1097 546 1199 609 Nono
1223 547 1336 608 omnia

238 641 330 707 bellis
341 643 468 733 pleno.-
485 643 605 727 ubiqae
621 644 709 706 enim
725 642 879 707 obmmtt
892 641 1100 726 cupiditates,
1113 653 1144 706 et
1156 663 1216 726 per
1229 663 1336 708 omues

238 752 343 808 terras
365 742 511 807 sscitant
535 742 719 825 appetitam
746 761 854 806 roam
877 740 1073 806 alienorum.
1119 739 1334 806 lamblichus.

75 857 177 907 Μαι·
186 858 215 896 1&
238 839 292 907 rui
326 835 419 963 ‘ydp
431 834 595 917 πολέμους
628 837 682 906 uni
712 867 848 912 σπασοις
888 838 941 905 stol
970 834 1080 932 μάχας
1116 829 1211 905 οὐδὲν
1242 833 1334 908 ἄλλο

235 934 379 1031 παρέχον
400 932 420 1019 ἢ
442 936 487 1006 ‘ro'
506 941 599 1017 σῶμα
623 938 676 1005 uel
705 967 739 1004 αι
760 964 885 1006 τουτον
907 934 1080 1018 ἐπιθυμίαν.
1107 928 1226 1004 dud
1178 965 1249 1031 *γαρ
1272 935 1334 1018 τὴν

236 1041 305 1106 τῶν
325 1039 496 1130 χρησίμων
513 1039 630 1118 κτῆσιν
647 1064 769 1109 παντες
785 1066 816 1104 οι
806 1031 970 1119 πόλεμον
986 1037 1179 1126 γίγνονται.
1226 1038 1333 1116 Batos,

229 1158 375 1222 puynos,
403 1137 574 1202 seditiones
604 1158 720 1222 cmpos
742 1136 869 1222 presbd
899 1147 930 1201 et
956 1138 1102 1222 emporis
1128 1137 1334 1222 cupiditates.

237 1237 331 1299 Nom
344 1257 454 1301 retum
469 1236 641 1300 utibilisem
657 1256 778 1301 caussa
793 1236 878 1300 bello
895 1237 1005 1300 omnio
1021 1237 1183 1301 οιιναινν.

111 1344 188 1395 vm.
314 1332 358 1403 17
386 1334 478 1411 Quod
495 1354 570 1399 vcro
583 1333 682 1399 Petro
698 1332 814 1400 dictum
830 1340 888 1408 est,
909 1335 976 1413 Qui
990 1335 1205 1419 plodioferit,
1221 1335 1337 1420 plodio

140 1481 143 1487 -
232 1433 366 1517 peribit,
395 1454 465 1498 sum
493 1452 556 1496 nou
580 1430 622 1496 ad
646 1431 760 1497 bellum
789 1431 992 1496 communiter
1010 1439 1192 1517 spectatum,
1218 1433 1273 1498 sed
1295 1431 1338 1498 ad

238 1529 352 1595 bellum
367 1529 524 1616 privatum
542 1528 667 1616 proprie
682 1528 838 1615 pertineat
856 1531 943 1611 (nam
960 1536 993 1594 et
1010 1529 1153 1595 Christus
1176 1530 1243 1616 ipse
1257 1529 1338 1595 inhi-

238 1625 312 1694 bitoe
327 1636 382 1693 aut
399 1627 549 1717 neglecta
565 1625 752 1694 defensionis
775 1626 857 1692 hano
880 1625 987 1692 reddit
1008 1648 1142 1704 causam,
1164 1629 1249 1714 quod
1264 1651 1338 1716 reg·

235 1747 311 1791 num
328 1748 418 1793 suum
434 1727 476 1793 de
489 1726 548 1792 hoc
563 1725 680 1792 mundo
695 1746 758 1791 non
774 1732 867 1805 esset,
895 1725 989 1790 Joan.
1007 1724 1091 1793 xviii
1107 1727 1166 1812 36)
1191 1749 1247 1793 suo
1268 1728 1337 1793 loco

237 1824 350 1892 rectius
364 1825 616 1913 pertractabitur.

312 1925 372 1990 tlt
400 1926 419 1990 l
456 1922 586 2002 Quoties
611 1921 782 2011 descripti
808 1945 902 1991 sensu
925 1922 1086 2011 quaritur,
1111 1946 1257 2014 magnam
1273 1923 1337 1991 uim

236 2023 354 2089 habere
380 2022 461 2089 solet
487 2030 555 2089 tum
582 2044 656 2089 usus
681 2043 823 2110 sequens,
847 2031 915 2090 tum
931 2023 1119 2110 prudentum
1142 2023 1337 2091 auetoritass

236 2123 321 2207 quod
348 2121 443 2188 etiam
472 2121 505 2188 in
530 2120 643 2188 divinis
663 2121 786 2209 scriptis
806 2122 996 2209 sequendum
1018 2130 1074 2189 est.
1126 2122 1237 2210 Neque
1254 2122 1337 2188 enim

236 2220 398 2308 probabile
415 2229 473 2299 est,
488 2219 649 2299 Ecclesiae,
665 2243 735 2308 quae
751 2220 792 2286 ab
809 2219 966 2308 Apostolis
986 2220 1162 2288 constituta
1177 2229 1259 2301 sunt,
1281 2229 1337 2288 aut

237 2319 351 2397 subito,
367 2328 424 2387 aut
440 2341 547 2386 omnes
561 2319 709 2386 deiecisse
731 2320 773 2386 ab
794 2317 840 2396 iis,
867 2341 938 2406 quae
955 2319 1096 2406 Apostoli
1113 2320 1253 2387 breviter
1264 2341 1336 2408 per-

237 2418 354 2505 scripta
378 2440 433 2484 ore
454 2418 612 2485 liberalius
632 2418 873 2506 explicaverant,
899 2426 955 2485 aut
974 2419 1068 2485 etiam
1084 2418 1117 2484 in
1132 2440 1220 2488 usum
1238 2418 1338 2484 intro-

238 2517 403 2584 duxerant
457 2516 566 2583 Solent
587 2525 693 2584 autem
715 2517 757 2583 ab
781 2517 818 2583 iis
839 2516 894 2604 qui
910 2517 992 2583 bella
1007 2517 1192 2606 impugnant
1218 2516 1338 2584 adiemi

279 2698 288 2723 ⁸
302 2692 395 2738 Bonam
402 2705 450 2737 esse
459 2706 510 2737 eum
518 2693 648 2752 puniuntur
657 2697 763 2740 noceam
812 2707 896 2750 remus,
909 2694 951 2753 qut
966 2707 1008 2740 nse
1021 2695 1132 2741 ιίναοπινν.
1163 2692 1212 2740 Sed
1224 2693 1300 2749 uelim,
1313 2693 1340 2738 ut

235 2781 300 2813 πονιο
312 2765 394 2826 mut]
411 2767 479 2813 ldsm
491 2767 654 2814 Tertullianus
663 2769 693 2814 de
701 2769 761 2814 Ani·
812 2782 888 2814 ouium
904 2768 983 2814 sulcos
991 2769 1079 2829 suesre
1093 2770 1211 2829 possim
1226 2767 1338 2813 mouendo

235 2853 291 2886 aaa:
311 2839 762 2899 Qaisnonpruserutsoeculijustitium‚
811 2841 844 2898 μή
855 2840 997 2900 θεομαχεῖν.
1027 2842 1337 2904 Potesetoffleiojusisdic·

236 2927 307 2972 ᾳααπ
323 2917 345 2959 et
363 2914 493 2971 Apostolus
510 2928 555 2959 non
564 2914 663 2974 fianta
679 2916 762 2974 plodio
811 2913 883 2959 ιίοαίε
899 2918 945 2959 ινα
953 2913 1037 2974 fnwyi,
1051 2920 1075 2961 et
1091 2917 1244 2962 bumanitatir
1258 2915 1339 2962 memi-

236 2987 365 3032 ueeinetum
382 2992 531 3044 contutatur,
546 3002 599 3048 quoe
610 3003 657 3048 pro
672 2989 764 3035 bomine
811 2989 881 3043 πίννα,
898 2988 935 3034 vel
949 2990 1008 3048 qaia
1024 2994 1047 3036 et
1062 3005 1104 3036 cos
1118 2991 1161 3036 aab
1176 2991 1260 3051 yludio
1274 2992 1338 3039 estis.

235 3059 351 3108 toeuiendo
361 3061 475 3121 reliqiosa
490 3061 544 3109 set?
564 3061 637 3122 (Cap.
647 3062 699 3122 38).
729 3063 763 3109 Et
812 3061 889 3121 (Cap.
900 3061 939 3118 4).

235 3133 267 3180 ad
277 3134 448 3182 Proconsulem
458 3137 600 3197 Scapulam:
615 3134 672 3183 Nou
681 3142 703 3184 te
715 3142 762 3184 ter-
857 3136 867 3166 ⁸
881 3137 960 3184 Locus
974 3142 1012 3185 est
1026 3138 1051 3184 in
1065 3138 1119 3186 Lib.
1130 3139 1170 3186 De
1185 3138 1339 3199 speciosos,

293 3361 328 3415 17
346 3357 390 3426 (8)
411 3358 497 3414 What
508 3375 564 3415 was
573 3359 634 3414 said
649 3366 679 3415 ιο
693 3360 787 3424 Peter,
801 3360 845 3415 He
856 3361 914 3415 tbot
927 3360 1031 3415 anitdb
1041 3361 1106 3415 witb
1118 3360 1158 3416 tbe
1168 3361 1258 3415 sword
1267 3359 1339 3415 eboli

233 3444 325 3512 pesisb
342 3446 407 3498 with
421 3446 461 3500 tbe
477 3447 574 3510 ssoord,
595 3446 671 3500 sinos
685 3446 709 3500 it
721 3445 789 3501 does
808 3451 859 3500 not
879 3446 1013 3517 properly
1032 3446 1107 3500 refer
1126 3451 1157 3499 to
1176 3446 1280 3499 warin
1300 3448 1338 3500 its

236 3543 367 3581 common
377 3536 482 3599 aspect,
493 3529 545 3584 but
556 3536 587 3585 ιο
595 3533 704 3602 private
715 3547 780 3594 war,
794 3529 852 3596 (for
864 3530 957 3584 Christ
963 3528 1080 3584 himself
1087 3530 1163 3599 gives
1171 3530 1226 3583 this
1237 3547 1338 3584 reason

236 3611 283 3666 for
297 3612 470 3684 prohibiting
484 3631 517 3668 or
528 3615 687 3684 neglecting
698 3614 741 3668 his
754 3615 881 3678 defense,
895 3614 959 3667 that
972 3613 1015 3668 his
1029 3613 1164 3683 kingdom
1175 3631 1230 3667 was
1241 3621 1293 3669 not
1307 3616 1342 3669 oi

237 3696 293 3751 this
307 3698 404 3764 world,
418 3698 482 3754 Jch.
495 3699 569 3753 xviii.
586 3697 642 3766 36,)
654 3699 710 3752 will
724 3699 761 3753 be
772 3698 865 3753 better
879 3698 1021 3753 discuused
1033 3699 1062 3751 in
1077 3699 1114 3753 its
1128 3715 1189 3752 own
1202 3698 1291 3770 place.

291 3782 344 3837 lx.
378 3791 393 3839 l
417 3783 508 3838 When
519 3800 562 3839 we
573 3783 644 3838 have
656 3789 687 3837 ιο
698 3783 808 3853 inquire
822 3784 882 3838 into
897 3783 946 3838 the
957 3800 1038 3838 sense
1052 3784 1086 3839 os
1097 3801 1153 3855 any
1164 3785 1282 3856 writing‚
1295 3802 1339 3843 we

237 3869 396 3941 commonly
410 3869 501 3940 assign
513 3875 594 3940 great
614 3867 716 3938 wcight
732 3868 803 3923 both
823 3875 854 3924 to
873 3868 1044 3940 subsequens
1064 3887 1158 3942 usage,
1172 3870 1228 3925 and
1242 3877 1273 3925 ιο
1287 3871 1338 3928 tha

236 3952 379 4027 authority
388 3954 421 4010 oi
428 3954 477 4009 the
486 3954 615 4018 learned:
632 3954 687 4008 and
696 3953 751 4009 thiu
759 3955 783 4009 is
796 3960 827 4009 to
835 3954 872 4009 be
883 3955 1019 4010 attended
1027 3963 1058 4011 ιο
1073 3956 1133 4010 also
1141 3957 1171 4009 in
1182 3956 1231 4012 the
1240 3957 1338 4015 sacred

237 4039 370 4110 writings.
403 4041 460 4095 For
474 4040 497 4094 it
513 4042 537 4095 is
551 4047 602 4094 not
615 4039 752 4111 probable
768 4040 831 4095 that
850 4040 900 4095 the
916 4040 1068 4107 Ghurches,
1081 4041 1172 4097 which
1183 4058 1256 4097 were
1271 4058 1339 4096 con-

237 4124 355 4179 stituted
367 4125 404 4198 by
419 4125 468 4180 the
482 4124 621 4198 Apostles,
639 4124 741 4180 should
761 4126 853 4196 either
867 4127 1005 4199 suddenly
1027 4145 1060 4183 or
1080 4127 1247 4199 universally
1266 4126 1339 4183 have

236 4224 310 4280 gone
323 4217 416 4283 estray
430 4210 505 4265 from
515 4211 565 4266 the
572 4217 703 4282 preecpu
713 4211 803 4265 which
814 4213 899 4285 being
910 4213 1010 4284 bricfly
1019 4212 1168 4285 expreased
1178 4214 1209 4265 in
1220 4213 1339 4284 writing,

237 4293 287 4352 the
306 4295 437 4370 Apostles
454 4295 511 4352 had
528 4313 608 4353 more
621 4296 693 4369 fully
707 4296 856 4369 explained
878 4299 909 4354 in
934 4297 1010 4354 their
1025 4299 1086 4353 oral
1105 4299 1294 4365 instructions,
1307 4313 1341 4354 or
