2866 4906
135 236 204 292 (ihr.
218 227 267 305 V.]
425 233 536 290 JURIS
557 233 601 288 IN
621 232 832 299 PEBSONAS,
853 232 935 290 ETO.
1166 223 1229 288 335

129 401 183 489 jus
200 400 319 467 dicitur.
374 399 473 478 Quale
491 399 543 486 jus
560 406 593 465 et
610 397 704 465 Solon
720 396 902 484 perentibus
923 396 954 461 in
974 397 1088 463 liberos
1109 418 1231 463 conoes-

134 510 228 576 serst,
252 508 285 565 et
313 506 435 564 veteres
459 500 670 564 Romanorum
699 497 793 585 leges.
833 497 987 582 Sopater:
1015 492 1093 585 ἐξῆν
1123 495 1229 587 πατρὶ
1242 518 1384 568 susumus.

133 594 206 668 ὄντα
224 595 301 670 ‘roris
317 590 434 668 παῖδας
450 594 587 667 ἀνελεῖν.
620 591 754 684 ἔξεστιν
770 590 826 663 e'clv
843 591 907 673 ἁμά
930 624 975 691 τῃ
992 624 1036 663 τι.
1073 595 1124 664 καὶ
1141 593 1196 666 ὅτι
1211 567 1382 664 emili-M*

135 696 228 776 νόμος
245 699 350 764 τοῦτο
362 689 449 767 εἰδοῖς
466 694 507 768 uls
524 692 691 786 εἰλικρινὴς
706 689 831 784 γένοιτ’
844 687 884 760 ἂν
901 625 1084 775 ‹llrccrrlso‘
1102 690 1227 787 πατὴρ,

134 801 241 866 τοῦτο
263 793 482 887 προσέταξεν·
508 796 623 860 Licuit
640 795 708 880 ipsi
729 815 800 858 cum
818 805 919 878 pater
934 805 1012 860 esset
1025 795 1116 878 filios
1131 796 1230 860 inter.

128 900 243 981 ficere:
255 917 364 980 nempe
375 898 406 961 si
418 897 676 980 quidpcccatum
688 905 782 958 meet:
796 914 873 956 nom
885 892 935 958 lec
945 895 983 957 id
992 894 1059 978 spei
1067 896 1229 978 permisit,

135 998 208 1061 ideo
224 997 308 1081 quia
324 996 464 1060 credidit
480 995 638 1077 inteprum
648 992 792 1074 judicem
800 993 887 1075 sore
923 991 1010 1056 ldem
1021 991 1074 1076 jus
1090 991 1231 1058 obtinere

136 1091 230 1185 παρὰ
242 1095 381 1165 πολλοῖς
396 1095 447 1160 καὶ
460 1085 593 1184 σφόδρα
608 1084 854 1168 εὐνομουμένοις,
867 1093 959 1176 apud
968 1092 1085 1157 multoe
1091 1093 1231 1177 populos

137 1195 241 1278 lepcm
255 1195 365 1277 pluria
366 1196 531 1280 florentes,
548 1189 594 1254 eit
609 1189 692 1254 Dion
704 1188 844 1254 cretione
860 1210 914 1254 xv.
1241 1185 1331 1235 >⁹⁴⁰0

209 1291 333 1356 XXIX.
378 1293 396 1354 l
431 1290 481 1354 De
500 1288 549 1353 his
568 1286 622 1374 qui
641 1309 681 1353 ex
703 1287 802 1353 servis
826 1295 995 1353 nascuntur
1013 1287 1164 1353 difficilior
1185 1288 1231 1354 in·

136 1389 253 1476 spectio
268 1399 324 1456 est.
374 1389 515 1452 Romano
533 1388 605 1472 jure
627 1396 660 1451 et
675 1385 748 1472 jure
772 1385 910 1474 gentium
934 1386 1016 1452 circe
1032 1386 1177 1473 captivos,
1195 1399 1232 1455 ut

137 1488 274 1554 dicemus
291 1485 373 1562 nlibi,
386 1495 423 1552 ut
440 1485 472 1550 in
487 1483 602 1564 hestiis,
618 1483 664 1550 its
679 1484 712 1548 in
727 1484 848 1551 servilis
860 1484 1043 1551 conditionis
1058 1485 1232 1553 hominibus
1283 1509 1294 1528 ·

136 1596 246 1673 partus
267 1594 399 1651 matrem
418 1582 576 1670 sequitur:
601 1581 685 1668 quod
706 1590 810 1648 temen
827 1583 892 1670 juri
917 1583 1051 1650 naturali
1073 1606 1135 1650 non
1157 1585 1233 1652 sstis

136 1685 290 1773 congruit,
307 1683 361 1749 ubi
376 1692 467 1771 peter
489 1682 594 1769 ulique
610 1680 731 1747 ratione
753 1683 920 1748 sufficiente
941 1683 1084 1772 cognosci
1107 1691 1229 1770 potest:

135 1805 207 1849 nem
224 1805 293 1849 oum
305 1783 337 1848 in
355 1781 448 1848 mutis
458 1780 665 1846 animantibus
681 1784 804 1866 'patres
820 1803 881 1845 non
895 1782 994 1847 minus
1008 1804 1100 1868 quem
1116 1792 1234 1849 matres

135 1881 264 1948 fmtuum
292 1903 397 1947 curam
423 1888 545 1969 gerent,
575 1879 634 1944 hoo
652 1879 719 1965 ipso
746 1881 919 1945 ostenditur
938 1881 1045 1946 fretum
1071 1880 1233 1968 utriusque

136 2002 204 2048 esse
226 2001 425 2048 communem.
474 1979 525 2043 Sic
544 2000 630 2066 ergo,
650 1979 676 2042 si
692 1978 742 2044 lex
765 1977 860 2042 civilis
880 1978 940 2044 huc
959 1980 999 2045 de
1019 2001 1054 2044 re
1077 1980 1232 2058 tacuisset,

137 2075 261 2166 tpertus
280 2100 343 2144 non
364 2077 465 2144 minus
485 2085 608 2164 putrem
629 2086 812 2163 sequeretur
834 2097 927 2162 quem
949 2087 1091 2143 matrem.
1133 2079 1234 2145 Pons·

136 2201 205 2243 mus
226 2198 313 2266 ergo,
335 2199 396 2263 quo
422 2175 521 2241 minor
540 2175 581 2241 sit
600 2175 772 2250 difficultm,
794 2185 962 2261 utrumque
982 2183 1145 2262 parentem
1169 2198 1235 2243 ser·

136 2357 190 2404 Lib.
212 2368 240 2401 x.
257 2353 297 2400 tit.
313 2353 329 2398 1.
350 2353 386 2400 17.
418 2350 448 2398 St
465 2351 526 2397 enim
538 2350 611 2409 filius
630 2350 661 2397 ch
711 2363 773 2396 rum.
802 2349 876 2408 Apud
894 2348 1066 2410 Longobrrdos
1085 2353 1110 2396 et
1129 2350 1235 2398 Saxones

136 2431 339 2491 utroquepcrente
348 2427 485 2487 qiputtsret
499 2429 602 2479 creatur,
618 2438 662 2470 eur
711 2422 819 2482 sequitur
847 2427 930 2481 pertus
959 2427 1053 2483 purtem
1083 2423 1234 2471 detectorem.

136 2507 198 2554 idem
217 2504 252 2550 ad
270 2501 422 2550 conditionem
441 2503 531 2546 tastum
543 2497 663 2558 pertineat
712 2497 779 2557 Sper.
791 2497 879 2544 Sami.
891 2497 927 2545 11.
957 2497 1026 2544 Idem
1039 2498 1104 2559 epud
1117 2499 1235 2560 Wisigot-

136 2579 265 2644 qenltricie‚
275 2578 317 2639 qni
325 2577 376 2622 etue
385 2580 458 2635 petre
473 2574 605 2620 nullatenus
615 2587 661 2633 pc·
710 2572 804 2618 thesin
820 2571 936 2632 Hisponis
949 2572 1038 2619 Isidori
1053 2578 1162 2633 tempme
1172 2575 1236 2622 obti.

136 2649 336 2715 tultprocrecvi?
357 2650 466 2696 Deinde:
483 2648 540 2694 Hac
552 2648 660 2694 ratione·
711 2647 792 2692 nuisee
809 2646 885 2692 disces
906 2660 935 2693 ex
954 2661 975 2694 e.
996 2646 1040 2694 ult
1058 2661 1129 2694 ceum
1145 2662 1235 2698 mu.

137 2730 216 2776 htliter
234 2731 324 2772 nature
344 2725 393 2784 lege
409 2723 574 2783 compellimur,
590 2722 661 2781 agni-
711 2725 795 2781 quest.
810 2721 841 2767 iv.
872 2720 950 2766 Nstns
965 2735 995 2767 ex
1009 2734 1076 2767 servo
1091 2726 1117 2768 et
1130 2723 1236 2783 ingenus

136 2803 220 2850 emnem
234 2800 333 2854 ancille,
343 2811 396 2858 quoe
409 2811 475 2844 seruc
489 2797 568 2842 eliseo
576 2795 662 2854 juncta
711 2794 793 2839 eedem
812 2793 1013 2854 wisigotthorum
1031 2793 1085 2854 lege
1102 2795 1129 2840 tit
1144 2810 1235 2847 servus.

135 2877 259 2936 pepererit,
269 2875 329 2920 inter
339 2879 448 2932 umorque
462 2872 567 2918 domim
581 2886 661 2932 eque·
711 2882 751 2914 111.
768 2869 806 2914 tit
820 2869 844 2914 ii.
857 2871 880 2915 3.
896 2881 929 2914 ιν.
945 2869 985 2915 111.
996 2882 1020 2916 v.
1031 2872 1053 2916 7.
1069 2882 1105 2916 rx.
1116 2870 1154 2917 tit.
1166 2873 1234 2928 1,16.

137 2950 192 2996 liter
201 2947 360 2994 dividendas.
386 2946 450 2994 Slsvi
460 2951 485 2993 et
496 2946 571 2992 Slcvae
581 2946 661 3006 proles
711 2944 748 2989 Ex
763 2956 830 2989 servo
845 2947 870 2988 et
884 2941 971 2988 recide
984 2942 1036 2988 neti
1049 2942 1113 2989 inter
1126 2944 1235 2992 dominos

135 3031 229 3085 putrem
243 3023 398 3083 sequebetnr3
415 3021 539 3081 Speculum
555 3020 660 3067 Saroni·
710 3018 854 3064 dividuntur.
882 3016 908 3063 st
932 3030 995 3065 unus
1019 3019 1051 3065 stt
1069 3019 1142 3073 illins,
1161 3019 1235 3066 hahet

136 3113 188 3145 eum
204 3101 294 3145 111.3'l.
325 3098 393 3144 Idem
409 3095 482 3141 moris
499 3095 524 3140 in
541 3095 661 3140 nonnullis
711 3107 766 3139 eum
792 3092 853 3138 servi
877 3092 996 3150 domiuus,
1020 3093 1113 3140 encilin
1137 3094 1234 3141 domino

136 3175 213 3221 Italis
222 3175 281 3220 locis
290 3188 313 3221 c.
323 3173 381 3219 licet
389 3173 411 3217 3.
423 3168 660 3229 deconjngioservo·
710 3167 782 3226 pretii
797 3166 919 3212 dimidium
935 3168 1081 3227 penetrem.
1111 3169 1141 3215 In
1160 3168 1235 3230 origi.

136 3421 251 3488 parents
266 3431 332 3469 over
343 3415 478 3478 children,
489 3430 520 3468 es
528 3414 577 3467 did
589 3412 638 3470 the
650 3413 697 3468 old
709 3414 774 3468 hev
787 3412 821 3468 ot
831 3414 931 3469 Rome.
961 3411 1016 3466 See
1029 3410 1130 3465 Sextus
1137 3411 1235 3482 Empi-

137 3504 212 3556 rieus
223 3499 279 3553 end
291 3500 355 3554 Dio.

192 3585 305 3639 XXIX.
341 3590 355 3638 1
379 3584 441 3639 The
452 3584 581 3654 question
597 3583 766 3654 concerning
780 3581 860 3637 those
871 3580 933 3635 vho
947 3597 997 3636 ere
1008 3581 1080 3637 born
1097 3580 1195 3646 slaves,
1212 3583 1236 3639 is

136 3688 216 3727 more
235 3670 361 3725 difficolt.
396 3669 441 3741 By
463 3669 512 3724 the
534 3670 645 3723 Romen
667 3668 742 3732 how,
764 3667 821 3722 snd
840 3668 879 3738 by
901 3666 950 3721 the
974 3667 1042 3721 herr
1063 3667 1097 3723 ο1
1114 3668 1235 3725 Nations

135 3758 295 3830 respecting
313 3756 489 3827 captivemus
504 3770 545 3809 vro
560 3754 633 3810 shnll
647 3754 758 3825 explain
773 3753 932 3817 elsewhere,
949 3767 980 3807 es
997 3753 1028 3808 in
1038 3753 1140 3818 besem,
1160 3770 1192 3809 so
1205 3755 1235 3809 in

135 3861 201 3899 men
221 3844 255 3898 of
272 3842 373 3897 servile
395 3841 549 3905 condition,
566 3840 616 3895 the
635 3840 769 3911 offspring
791 3839 898 3894 follows
920 3837 970 3893 the
992 3838 1119 3905 mother3
1144 3839 1236 3895 which

135 3929 264 3984 however
277 3929 301 3983 is
316 3934 367 3983 not
381 3927 547 3998 sufficiently
562 3942 718 3997 congruens
729 3931 760 3981 to
771 3924 892 3980 Netursl
902 3924 978 3990 hev,
987 3923 1069 3980 when
1080 3923 1130 3981 the
1140 3924 1236 3982 sother

136 4032 200 4085 moy
213 4015 250 4069 bo
264 4015 366 4068 knovn
377 4012 416 4084 by
429 4013 567 4068 sufficient
581 4011 721 4066 evidence.
755 4011 812 4065 For
825 4011 902 4066 since
913 4011 943 4063 in
957 4009 1044 4065 dumb
1056 4010 1173 4064 enimels
1184 4009 1235 4066 the

135 4100 237 4164 father,
253 4117 290 4155 no
307 4099 362 4155 less
376 4099 445 4153 thsu
463 4098 512 4154 the
527 4096 647 4160 mother,
661 4096 756 4152 sheres
770 4096 821 4152 the
839 4111 904 4151 esre
920 4095 954 4150 ot
969 4095 1019 4150 the
1036 4096 1178 4167 offspring,
1192 4111 1235 4149 ve

136 4184 214 4247 heve,
222 4186 252 4238 in
263 4185 327 4250 this,
340 4202 375 4240 sn
387 4185 521 4241 evidence
535 4183 598 4240 thst
611 4181 661 4238 the
675 4198 799 4254 progeny
810 4182 927 4253 belongs
938 4187 968 4237 to
979 4179 1057 4235 both.
1082 4179 1148 4234 And
1159 4178 1234 4246 thus,

135 4269 161 4323 if
176 4269 225 4323 the
245 4270 316 4324 civil
333 4271 400 4324 hev
418 4269 475 4325 hsd
493 4269 567 4325 been
584 4268 668 4323 silent
687 4283 725 4322 on
743 4267 799 4322 this
820 4268 909 4339 point,
928 4266 978 4321 the
998 4281 1122 4336 progeny
1141 4265 1233 4319 would

134 4353 230 4409 follow
248 4353 298 4410 the
316 4355 411 4411 father
424 4372 461 4411 no
476 4356 530 4411 less
548 4354 617 4410 then
629 4352 678 4408 the
693 4352 811 4410 mother.
849 4353 905 4408 het
918 4369 952 4409 us
970 4366 1089 4422 suppose
1109 4349 1187 4415 then,
1203 4357 1233 4406 to
