2866 4906
125 241 195 298 Gar.
209 231 273 308 1V.]
511 239 555 294 IN
576 238 826 298 strumosus
1159 235 1222 300 183

121 400 335 487 tissimumque
350 399 540 488 periculum:
566 402 714 490 quamdiu
734 402 850 470 scilicet
869 402 954 470 intra
970 403 1018 470 sui
1035 403 1223 474 defendendi

121 500 272 570 terminos
287 500 334 566 ita
349 521 384 566 se
400 501 626 580 continuerunt,
643 502 726 569 utin
742 503 811 569 loca
827 502 919 570 devia
933 505 1075 592 exemplo
1091 506 1223 574 Doridis

121 600 314 677 secederent,
339 601 517 687 qnaerendm
540 601 722 681 securitati;
750 623 807 669 nec
831 623 920 670 arma
946 604 1139 693 expedirent,
1163 606 1223 673 niai

121 701 205 768 ultro
222 698 402 787 oppugnati.

198 802 219 865 6
254 797 314 864 llla
328 798 454 865 interim
470 798 573 866 cautio
593 799 729 866 tenenda
752 808 809 879 est,
835 800 929 868 etiam
952 801 985 869 in
1006 801 1062 870 tali
1085 804 1222 892 periculo

121 919 265 988 perseum
289 897 374 986 regis
396 899 605 986 parcendum:
631 899 714 986 quod
734 900 788 987 qui
804 899 919 968 lectum
936 902 1093 969 aDavide
1109 912 1223 990 putant

123 1019 186 1065 non
205 1019 247 1065 ex
270 996 360 1063 officii
384 997 578 1076 necessitate,
604 1000 660 1065 sed
685 1019 726 1065 ex
748 999 927 1066 sublimiore
948 1003 1117 1090 proposito,
1147 1004 1222 1069 ¹fal-

123 1096 239 1164 lnntur.
290 1097 364 1184 Ipse
390 1096 473 1163 enim
498 1096 604 1164 David
630 1107 739 1185 aperte
770 1098 859 1176 dixit,
887 1099 1039 1167 insontem
1067 1101 1220 1168 neminem
1236 1131 1386 1173 isa-..mcc

125 1218 191 1263 esse
207 1217 307 1283 posse,
323 1196 378 1282 qui
396 1218 506 1263 manus
529 1194 599 1284 regi
623 1196 764 1265 inferret
816 1197 970 1264 Nimirum
991 1199 1110 1266 sciebat
1126 1202 1221 1290 scrip

123 1303 190 1361 tum
206 1294 239 1360 in
255 1294 345 1383 lege:
362 1298 453 1373 Diis,
469 1295 503 1362 id
519 1305 576 1374 est,
588 1296 744 1384 judicibus
760 1297 896 1374 summis,
913 1321 977 1364 noh
990 1302 1172 1378 matedioee
1191 1314 1221 1367 et
1233 1326 1387 1368 ιιιιιιιιιιι

123 1397 289 1482 'principi
311 1397 348 1460 ιἰι
363 1398 489 1482 populo
511 1408 566 1462 teo
587 1419 651 1463 non
670 1399 864 1472 modedicce,·
887 1397 919 1462 in
941 1417 1004 1483 qua
1020 1399 1090 1487 lege
1104 1399 1221 1466 mentio

124 1493 359 1582 faetaspeoialis
371 1494 571 1560 eminentium
587 1503 787 1583 potestatum,
804 1496 940 1563 ostendit
960 1497 1077 1584 aliquid
1091 1499 1221 1586 praecipi

123 1592 265 1681 speciale.
317 1596 425 1672 Quare
450 1595 587 1681 Optatus
610 1594 812 1662 Milesitanus
838 1595 879 1662 de
901 1597 960 1663 hoo
982 1597 1114 1664 Davidis
1138 1597 1221 1666 facto
1234 1618 1310 1660 nun

124 1693 262 1779 loquens,
286 1695 475 1771 ’Obetobat
502 1693 558 1771 nit,
578 1696 680 1781 pleno
701 1697 891 1761 divinorum
911 1699 1068 1764 mommo
1084 1701 1223 1764 mondo·

125 1804 242 1859 rorem.
294 1793 338 1859 Et
354 1794 451 1860 verba
467 1793 583 1859 Davidi
600 1793 668 1859 haec
682 1793 812 1861 tribuit:
846 1796 998 1862 Volebam
1017 1799 1138 1864 hostem
1151 1801 1223 1865 eio-

123 1913 201 1969 cere,
218 1894 275 1959 ced
284 1895 384 1977 piem
400 1905 446 1959 eat
462 1894 579 1958 divina
589 1906 758 1980 precepta
773 1917 910 1961 severe.

199 1988 220 2060 7
253 1991 299 2057 At
314 1990 394 2056 lelna
405 1991 569 2058 maledieta
585 2012 625 2058 ne
640 1991 675 2057 in
692 1992 848 2079 privatum
866 1993 989 2080 quidem
1007 1994 1079 2061 licet
1093 1995 1222 2081 jacero;

123 2088 156 2156 in
168 2110 278 2178 regem
294 2111 372 2179 ergo
387 2089 470 2157 veris
482 2111 605 2177 quoquc
620 2091 856 2170 abstinendum
874 2093 959 2179 quia,
977 2101 1013 2159 ut
1027 2094 1074 2160 ait
1089 2095 1223 2181 scriptor

124 2189 361 2277 problematum,
385 2211 455 2276 quae
480 2188 657 2257 Aristotelis
681 2212 794 2256 nomen
819 2191 1010 2278 praeferunt:
1037 2189 1055 2258 ὁ
1079 2221 1221 2282 rammo-
1235 2218 1354 2269 ιιιιιι

122 2291 188 2381 ρῶν
204 2285 266 2358 τᾶν
283 2282 447 2382 ἄρχοντα,
466 2290 510 2362 εἷς
524 2285 588 2370 τὴν
605 2286 704 2359 πόλιν
720 2286 860 2383 ὑβρίζει·
905 2293 972 2371 Qui
987 2295 1107 2357 rectori
1123 2295 1222 2359 male-

123 2389 215 2466 do'oit,
232 2391 288 2455 ‘in
303 2391 470 2456 civitatem
487 2402 534 2455 eet
550 2391 703 2474 injurius.
745 2390 838 2468 Quod
854 2387 881 2454 si
898 2411 973 2456 voce
989 2389 1148 2456 laedendus
1160 2413 1223 2456 non

127 2496 184 2565 est,
214 2509 311 2555 manu
336 2497 423 2556 certe
452 2487 550 2555 multo
579 2488 700 2558 minus:
725 2489 808 2555 unde
836 2497 870 2555 et
897 2488 1080 2576 poenitentia
1109 2497 1228 2556 tactum

124 2661 262 2725 [lbidfist
276 2662 435 2711 Editflads.
466 2664 496 2710 In
506 2663 560 2711 loeo
570 2665 649 2724 prlore
695 2664 787 2726 ’Ἠξειν
796 2664 848 2726 γάρ
859 2665 928 2725 αὐτῷ
940 2664 1011 2724 rapti
1021 2666 1068 2711 τοῦ
1083 2663 1170 2713 δόντος
1179 2665 1227 2722 miv

123 2753 171 2786 non
181 2740 293 2786 omittere
304 2740 387 2786 debuit
397 2740 491 2786 nucem
505 2741 556 2786 haee
570 2741 649 2797 verba
700 2739 782 2799 dpxn'v
798 2741 843 2787 σὺν
858 2740 940 2801 χρόνῳ
950 2740 999 2794 ‘ruia
1012 2740 1089 2797 δίκην,
1103 2740 1229 2789 Venturam

124 2815 178 2862 otte
203 2815 250 2861 τὸν
272 2814 323 2861 ὑπὸ
351 2816 400 2861 τοῦ
425 2815 487 2861 Oroi
516 2814 650 2873 βασιλείαν
700 2816 761 2862 enim
774 2817 905 2876 aliquando
920 2817 989 2875 ipsi(
994 2817 1056 2877 Regi
1066 2818 1170 2872 scilicet)
1177 2834 1228 2877 ρα-

121 2888 271 2948 ἀξιωθέντα,
280 2904 376 2949 cumque
386 2890 428 2950 qui
441 2903 458 2935 ιι
468 2890 522 2935 Deo
532 2889 585 2936 Rex
595 2904 650 2935 con·
701 2906 763 2949 nam,
770 2893 801 2938 ab
808 2907 835 2938 eo
842 2893 884 2952 qui
891 2893 999 2939 dedititii
1005 2893 1135 2953 imperium.
1150 2894 1177 2941 J.
1183 2894 1227 2954 B.]

123 2965 218 3011 cuam
232 2969 274 3011 ert.
306 2965 336 3010 lu
350 2964 404 3010 loco
418 2963 496 3009 altero
506 2963 583 3010 versio
597 2963 650 3023 ejus
745 2976 756 3001 ¹
770 2967 801 3013 In
811 2967 928 3013 civitaten
939 2972 972 3013 ert
987 2967 1099 3027 injurius]
1114 2966 1229 3014 Julianus

124 3038 371 3087 etiamnuleomttut
384 3039 445 3098 hm,
462 3038 511 3083 ὑπὸ
525 3038 572 3084 τοῦ
587 3038 650 3084 θεοῦ
701 3042 875 3105 Muopoqom:
901 3044 942 3091 καὶ
957 3043 1008 3105 γάρ
1023 3044 1047 3090 ol
1063 3045 1132 3104 νόμοι
1148 3047 1227 3104 φοβι·

124 3112 650 3174 κιχσιρποῠημίνον,ᾳπθίᾱοωιίςηίἂωῠί,
701 3116 742 3177 poi
763 3117 805 3164 tad
824 3119 884 3164 *roim
905 3117 1045 3178 ἄρχοντας,
1062 3117 1131 3164 «ἔστι
1156 3118 1228 3165 ὅστις

124 3190 270 3249 obestque
278 3188 346 3245 adeo,
357 3189 485 3249 quominur
495 3189 526 3235 de
540 3189 651 3235 omnibu!
701 3191 818 3253 ἄρχοντα
837 3192 938 3252 ὑβρίζει,
956 3193 985 3238 h:
1004 3193 1151 3252 vepreculas·
1170 3194 1229 3239 robe

124 3263 150 3309 ln
169 3263 306 3310 universum
325 3263 435 3324 Regibus
455 3263 523 3310 locus
547 3264 651 3324 intelligi
703 3267 791 3325 utpote
805 3267 994 3321 κατεπάτησεν·
1017 3266 1078 3312 Sunt
1092 3267 1152 3311 enim
1166 3267 1227 3325 leqer

124 3344 207 3398 queat·
238 3338 353 3395 Quamvis
371 3343 396 3385 et
413 3339 572 3385 Doctiasirnus
589 3337 651 3384 San-
701 3355 785 3387 reuera
800 3355 849 3400 pro
867 3339 1021 3399 percipitur,
1041 3340 1077 3384 ita
1096 3344 1122 3384 ut
1141 3339 1183 3397 qui
1202 3339 1228 3384 ιἰι

124 3425 227 3472 umus,
241 3415 314 3474 Resp.
330 3413 365 3460 ad
377 3413 475 3460 asaron
490 3412 610 3473 png.163.
625 3413 651 3458 in
698 3417 832 3477 principem
843 3414 1059 3472 injuriomsficerit,
1073 3414 1096 3458 c'r
1109 3426 1138 3458 er
1153 3413 1228 3458 αιιίιιιί

125 3486 242 3536 Veniens
256 3489 322 3536 illins
336 3488 383 3535 loci
399 3489 497 3535 omittat
511 3488 553 3534 illa
571 3488 651 3545 verba,
703 3491 801 3538 libidine
810 3490 1054 3549 wnoaleaecritleqes.
1066 3489 1227 3548 (Pagwn.

125 3577 179 3623 qna
193 3568 274 3611 tamen
288 3563 314 3609 in
329 3563 415 3610 Graeco
426 3563 510 3622 ponit;
525 3563 652 3622 qumisci·
703 3566 772 3611 Edit.
799 3563 904 3624 Spanh.)
934 3562 1001 3623 [Non
1031 3563 1089 3608 satis
1113 3562 1228 3608 adcurate

124 3637 182 3685 lieet
205 3651 264 3686 νοω
288 3638 340 3685 nola
363 3639 439 3699 Regis
462 3639 651 3686 continerentur.
703 3641 805 3687 vertitur
816 3639 942 3686 hioloons.
967 3639 997 3684 Id
1011 3638 1064 3685 vult
1079 3639 1227 3698 Imperatore

125 3714 251 3775 Sedpejus
260 3718 306 3771 et,
316 3714 380 3775 quod
390 3714 415 3760 in
425 3714 480 3772 fine,
490 3714 583 3760 omissis
597 3715 651 3774 qni·
702 3715 843 3762 Metanhtar
867 3713 943 3773 Lepet
963 3717 1064 3773 propter
1083 3713 1229 3772 Imperatores

124 3789 234 3846 bundeni,
262 3803 345 3836 ansus
368 3790 440 3849 plane
469 3794 596 3849 corruptus
621 3792 651 3836 ab
704 3790 731 3850 (a
746 3791 832 3849 quibus
847 3788 938 3834 scilicet
952 3788 1120 3833 auctoritatem
1137 3790 1163 3832 et
1181 3786 1228 3831 vim

124 3865 233 3911 Auctore
247 3868 338 3921 nostro,
351 3878 400 3924 prro
415 3864 488 3910 nimio
499 3866 562 3911 forte
572 3865 651 3911 studio
704 3878 799 3910 omnem
815 3862 928 3921 habent).
955 3861 1003 3920 Qui
1018 3862 1092 3922 ipitur
1109 3863 1135 3906 in
1152 3861 1229 3919 ι’ρειιιιι

124 3951 214 3986 munte
221 3952 272 3986 suar
279 3939 404 3988 serviendi.
417 3939 552 3986 ltnhabent
560 3940 652 3986 Graeca:
703 3939 860 3998 Imperantem
869 3937 972 3994 injurius
981 3941 1022 3995 ert,
1032 3937 1103 3984 multo
1113 3934 1230 3982 audacius

125 4154 256 4226 epseted3
271 4171 302 4211 as
314 4171 370 4211 was
382 4155 456 4212 done
467 4154 506 4228 by
517 4155 618 4210 David

183 4245 200 4300 7
223 4241 287 4296 Nor
300 4256 350 4297 are
363 4241 446 4297 those
459 4241 522 4297 who
534 4240 616 4297 reniet
627 4246 658 4296 to
672 4239 763 4296 throw
777 4241 847 4296 false
861 4240 1028 4313 reproaches
1041 4256 1078 4296 on
1092 4257 1148 4312 any
1160 4255 1213 4293 ono
1220 4258 1228 4304 ;

124 4326 178 4382 bnt
195 4343 233 4382 on
250 4327 300 4384 the
314 4327 392 4400 king,
406 4331 458 4383 not
476 4343 547 4383 even
564 4333 628 4383 true
642 4344 718 4383 ones.
757 4328 822 4383 Still
837 4344 916 4382 more
930 4343 979 4381 aro
993 4327 1060 4399 they
1075 4332 1105 4382 to
1120 4325 1230 4382 absmin

124 4411 201 4469 from
211 4413 308 4488 laping
321 4413 414 4472 hands
426 4429 464 4472 on
474 4413 543 4469 him.
583 4408 650 4484 [See
662 4412 712 4471 the
725 4412 850 4470 heathen
863 4407 1051 4481 authorities]
