2866 4906
140 251 210 306 mr.
224 243 262 320 n]
432 248 529 315 oum
553 251 718 316 nannum
743 251 839 316 oum
863 253 942 309 Jns.
1197 247 1236 309 11

135 415 280 504 quaedam
296 414 358 484 diei
376 415 444 505 ejus
451 416 604 506 jurisnon
619 419 756 506 proprie,
769 420 825 485 sed
841 427 878 486 ut
891 418 1006 486 scholae
1016 418 1101 507 loqui
1117 429 1234 499 amant,

135 517 305 593 reductive,
330 517 442 604 quibus
452 518 506 604 jus
522 520 666 584 naturale
682 541 743 584 non
758 529 924 608 repugnat,
951 521 1030 586 sicut
1041 521 1128 607 justa
1143 522 1235 588 modo

136 618 270 684 diximus
295 617 449 705 appellari
473 640 512 685 ea
533 640 604 705 quae
629 618 780 706 injustitia
802 628 929 686 carent:
958 621 1116 686 interdum
1141 621 1236 687 ctiam

136 738 194 802 per
216 716 398 782 abusionem
423 740 470 797 ea,
494 739 565 804 quae
587 718 669 784 ratio
691 719 831 795 honesta,
857 729 913 786 aut
939 720 1086 807 oppositis
1106 720 1235 787 meliora

136 838 204 882 esse
221 816 350 892 indicat,
374 816 432 882 etsi
448 839 510 882 non
527 817 644 897 debita,
668 818 768 884 solent
784 819 844 884 dici
857 819 938 906 juris
954 820 1114 886 naturalis.

209 918 233 981 4
268 916 434 983 Sciendum
463 924 629 1004 practerea,
651 917 704 1003 jus
728 919 871 985 naturale
899 941 961 985 non
990 920 1030 985 de
1054 920 1091 984 iis
1113 928 1236 986 tantum

135 1038 231 1106 agere
247 1038 320 1104 qum
335 1015 414 1082 citra
430 1017 622 1083 voluntatem
639 1018 806 1083 humanam
823 1019 969 1098 existunt,
996 1019 1051 1085 sed
1068 1021 1108 1084 de
1130 1021 1236 1085 multis

136 1117 229 1184 etiam
244 1137 316 1203 quae
330 1115 497 1182 voluntatis
511 1116 657 1181 humanae
673 1125 776 1184 actum
794 1127 1032 1205 consequuntur.
1071 1119 1121 1184 Sic
1138 1119 1236 1184 domi·

135 1217 230 1295 nium,
256 1216 348 1302 quale
365 1237 445 1282 nunc
462 1216 494 1280 in
511 1238 569 1281 usu
586 1225 643 1295 cst,
670 1216 812 1283 voluntas
835 1219 971 1282 humana
984 1218 1176 1284 introduxit:
1201 1227 1236 1285 at

135 1339 174 1382 eo
196 1315 372 1384 introducto
389 1315 478 1381 nefas
495 1315 569 1380 mihi
587 1337 654 1381 esse
678 1316 712 1382 id
737 1317 878 1404 arripere
903 1326 935 1382 te
960 1317 1056 1382 invito
1082 1317 1165 1402 quod
1189 1317 1236 1383 tui

136 1425 187 1482 ost
203 1414 336 1495 dominii,
362 1414 464 1501 ipsum
479 1414 597 1481 indicat
608 1415 662 1500 jus
676 1417 819 1482 naturale
833 1441 841 1494 ;
868 1439 965 1502 quare
981 1417 1118 1482 1'furtum
1140 1424 1230 1482 natu·

134 1516 197 1581 rali
207 1515 281 1602 jure
295 1513 484 1602 prohibitum
501 1514 581 1580 dixit
595 1515 711 1582 Paulus
727 1518 749 1583 J
751 1517 979 1595 urisconsultus,
1004 1525 1117 1583 natura
1141 1525 1236 1604 turpe

135 1724 216 1786 potnit
234 1738 283 1771 non
297 1723 503 1783 mimsdvertem
522 1729 551 1772 ιιι
564 1725 589 1771 in
609 1726 661 1773 aliis
709 1729 812 1788 pertime
831 1728 924 1788 egimus
940 1727 993 1775 tusc
1009 1727 1067 1774 sutis
1085 1728 1111 1775 ln
1127 1726 1235 1775 examine

135 1801 201 1858 locis,
219 1801 315 1848 abires
330 1801 427 1862 majoris
447 1801 525 1847 adhuc
545 1801 661 1847 momenti
709 1802 804 1848 Judicii
823 1802 922 1849 illustris
946 1803 1103 1859 Luranmzn,
1128 1803 1235 1862 subJeoto

137 1881 195 1933 crat,
204 1876 228 1922 id
238 1877 260 1923 ei
270 1876 391 1934 accidisse,
400 1876 561 1923 ostendemus.
577 1876 607 1924 J.
617 1876 649 1922 B.
710 1883 801 1936 quartae
812 1878 919 1924 Editioni
926 1879 1039 1925 versionis
1049 1884 1137 1924 nostrus
1146 1877 1234 1924 Libelli

180 1950 192 1979 ⁴
215 1951 307 1999 Verum
328 1952 425 2012 quidem
445 1955 489 2009 est,
510 1950 590 1997 Deum
611 1963 659 1996 non
709 1951 750 1998 De
767 1951 835 2014 Offic.
846 1951 917 2001 Hom,
929 1956 951 1998 et
964 1952 1014 2000 Clo.
1034 1951 1062 2001 J.
1072 1952 1104 2000 Β.

135 2026 251 2087 potuisse,
266 2027 333 2073 salva
340 2026 518 2086 sapientiam,
532 2031 608 2082 actus,
618 2026 661 2085 qui
754 2036 767 2070 ν
782 2028 882 2074 Fhrtum
897 2029 1004 2074 natarali
1012 2028 1070 2085 jure
1077 2027 1235 2088 prohibitura]

135 2101 188 2148 heic
197 2106 314 2148 vocantur
323 2101 404 2158 dchiti,
414 2108 502 2158 vetare,
511 2106 555 2147 aut
564 2108 659 2147 coutra-
710 2100 838 2148 Julianus:
853 2102 866 2148 ὁ
880 2102 993 2159 δεύτερος
1006 2101 1079 2159 νόμοι
1090 2101 1158 2161 (post
1167 2103 1235 2148 illum

135 2178 182 2223 rios
192 2177 329 2237 praecipere.
359 2178 476 2224 Attamen
486 2177 606 2223 vinculum
623 2177 659 2237 ip·
710 2177 740 2221 dc
757 2176 810 2222 Deo
827 2176 978 2235 agnoscendo
998 2179 1024 2220 et
1042 2173 1154 2234 colendo)
1173 2175 1237 2235 Ιερόι

135 2264 187 2297 tum
199 2251 366 2312 Otltqationh,
376 2265 425 2311 qua
434 2252 488 2311 quis
501 2255 597 2297 &netur
606 2251 660 2298 illos
710 2252 834 2310 φύσοικαὶ
843 2250 933 2305 dolend
942 2249 1235 2308 τῶνάλλοτριωνπᾰντα

134 2326 482 2382 uemraabh'nhstiners,
495 2341 544 2372 non
560 2340 589 2373 ex
608 2327 661 2386 ipss
710 2327 750 2373 καὶ
765 2327 867 2372 πάντως
886 2324 1029 2384 ἀπέχεσθαι
1049 2326 1168 2371 κελεύων
1194 2325 1235 2371 xnl

134 2407 220 2447 natura
234 2407 332 2448 amcam
352 2403 435 2458 oritur,
454 2402 495 2448 sed
512 2416 527 2447 a
544 2403 661 2449 oolurcats
709 2400 774 2461 μήτε
799 2400 824 2446 ἐν
849 2399 929 2458 λόγῳ,
953 2398 1017 2457 μήτε
1042 2399 1068 2444 ὲν
1090 2399 1165 2459 ἔργῳ,
1189 2400 1234 2460 μοι·

134 2476 189 2534 Dei,
198 2482 317 2537 qmtanus
326 2482 364 2524 ast
374 2481 467 2525 Auctor
474 2485 565 2524 nutum
573 2492 660 2536 rerum,
710 2493 741 2522 τε
761 2477 787 2521 ἑν
805 2477 894 2521 αὐτοῖς
913 2480 972 2520 ταῖς
995 2473 1173 2520 lactamina
1189 2477 1235 2530 τῆς

25 2559 27 2562 ’
135 2551 410 2597 etsummufflominum
418 2551 560 2611 Legislator.
578 2552 660 2597 Adeo·
710 2553 798 2610 ψυχῆς
821 2550 957 2608 ἐνεργείαις
981 2550 1064 2595 τοῦτο
1090 2548 1236 2608 ἐπιτρέπων

134 2639 189 2686 qus,
199 2631 310 2672 sccunts
319 2626 447 2686 loquendo,
457 2627 518 2672 talcs
529 2632 597 2672 actus
611 2640 660 2672 non
711 2631 826 2686 συγχεῖν.
853 2624 936 2684 [Orat.
953 2638 998 2672 vm.
1017 2639 1073 2685 pag.
1089 2626 1140 2673 209.
1161 2625 1191 2673 C.
1200 2625 1232 2672 Ι).

134 2705 236 2760 possim
252 2701 299 2747 dici
314 2715 362 2760 per
375 2714 401 2747 sc
417 2701 499 2758 debiti,
515 2706 559 2747 aut
574 2700 660 2747 illiciti.
709 2699 761 2747 Les
771 2701 849 2746 ultera
860 2701 947 2759 etipsa
956 2706 1039 2760 suapte
1053 2704 1142 2746 nutura
1151 2704 1236 2746 οοοοιο

135 2775 190 2830 Qus
199 2775 230 2822 de
239 2789 266 2821 rc
274 2776 364 2835 aliquid
370 2775 472 2822 diximus
481 2776 506 2821 iu
516 2775 661 2821 Pratatione
710 2781 781 2835 utque
793 2776 876 2821 divina
885 2790 915 2822 ea
930 2781 971 2831 cst,
988 2791 1037 2837 quc
1047 2790 1137 2836 semper
1150 2781 1172 2823 et
1181 2776 1235 2822 ahi-

135 2851 230 2897 Gallics
246 2851 278 2897 ud
293 2850 463 2898 Pursroonr.
479 2850 519 2896 De
528 2851 591 2896 Jare
600 2849 661 2896 Nat.
709 2863 754 2910 pcc
767 2851 853 2895 alienis
863 2852 977 2897 ubedam
989 2851 1064 2908 jubat,
1084 2865 1158 2912 mque
1178 2864 1233 2896 vero

133 2931 156 2973 οι
167 2924 237 2975 aaa
252 2939 309 2987 pag.
318 2925 356 2984 66,
371 2926 481 2972 mcundae
497 2925 562 2971 Edit.
576 2929 602 2971 st
615 2938 660 2970 nu·
710 2929 753 2969 cut
762 2925 838 2981 verbo,
853 2930 895 2970 cat
902 2925 981 2985 sacto,
991 2930 1033 2971 cat
1048 2926 1146 2972 arcanis
1160 2925 1235 2971 animi

132 3203 285 3270 uulawfuh
304 3204 368 3270 hut,
386 3202 426 3277 by
443 3203 607 3273 forbidding
627 3202 705 3257 them
723 3201 820 3258 makes
841 3200 921 3256 them
938 3198 1082 3263 unlawiul,
1103 3197 1141 3270 by
1158 3215 1235 3254 com·

131 3292 269 3364 manding
282 3290 362 3347 them
376 3291 473 3346 makes
488 3290 566 3345 them
580 3289 746 3360 obligatory.

185 3383 203 3434 3
228 3377 264 3433 In
285 3377 368 3433 order
388 3381 419 3433 tc
438 3374 611 3431 understand
632 3374 753 3429 Natural
775 3373 851 3436 Law,
874 3387 916 3426 we
941 3375 1018 3424 must
1038 3367 1151 3422 remark
1170 3366 1235 3424 that

132 3479 213 3519 some
231 3463 325 3535 things
339 3479 387 3517 are
402 3462 463 3518 said
477 3469 508 3517 to
523 3462 559 3516 be
579 3461 729 3530 according
746 3465 776 3513 ιο
794 3456 916 3512 Natural
929 3457 1004 3518 Law,
1019 3453 1108 3508 which
1120 3470 1169 3508 are
1183 3459 1235 3509 not

131 3566 163 3605 so
178 3548 320 3622 properly,
332 3548 394 3612 but,
413 3565 445 3603 aa
460 3547 510 3602 the
530 3546 639 3602 schools
659 3546 722 3600 love
742 3551 773 3599 to
789 3544 884 3615 spect,
907 3540 1089 3611 reductirely,
1110 3540 1234 3595 Natural

130 3635 200 3690 haw
209 3641 261 3690 not
271 3635 408 3707 opposing
422 3633 519 3698 them3
536 3650 567 3688 as
579 3650 620 3687 wo
635 3631 706 3686 hare
718 3630 779 3686 said
792 3630 856 3697 [111.
869 3624 897 3697 1]
912 3627 975 3682 that
986 3643 1066 3682 some
1077 3625 1172 3698 things
1184 3643 1234 3683 are

130 3720 221 3776 called
232 3723 300 3792 just,
314 3719 404 3775 which
418 3736 467 3775 are
482 3726 533 3774 not
547 3720 649 3789 unjust.
687 3716 752 3771 And
766 3717 857 3787 again,
872 3716 910 3787 by
924 3731 961 3768 au
975 3714 1063 3768 abusa
1078 3714 1111 3768 of
1122 3729 1235 3786 expres·

130 3807 201 3872 siem
223 3823 302 3863 some
322 3805 417 3877 things
436 3821 486 3860 are
505 3804 566 3859 said
587 3813 618 3858 ιο
639 3803 676 3858 be
696 3803 846 3872 according
866 3807 896 3856 to
916 3800 1037 3855 Natural
1055 3800 1123 3853 Law
1142 3798 1234 3854 which

130 3909 231 3947 masna
244 3892 335 3947 shews
348 3897 378 3947 to
392 3892 429 3946 be
444 3891 554 3955 deceat,
572 3906 605 3945 or
618 3890 713 3944 better
727 3888 797 3942 than
810 3888 885 3942 their
899 3887 1050 3959 oppositas,
1062 3885 1172 3956 though
1183 3891 1236 3940 not

131 3978 297 4050 obligatum.
338 3972 389 4048 [Aa
402 3992 572 4047 monogamy
589 3977 613 4030 is
630 3975 733 4038 better,
750 3973 859 4044 though
879 3990 921 4027 we
939 3979 1044 4027 osnuot
1062 3972 1171 4043 strictly
1185 3987 1218 4027 ss

130 4063 194 4118 that
211 4063 363 4136 polygamy
381 4063 405 4117 is
423 4067 556 4134 contrary
578 4068 608 4116 to
626 4059 748 4115 Natural
761 4061 836 4113 Law.
872 4058 1048 4128 Conceming
1071 4057 1188 4115 theuso

130 4149 181 4205 the
198 4155 273 4206 term
292 4148 416 4203 Natural
429 4148 509 4212 Low,
523 4164 555 4202 or
568 4148 639 4201 Low
653 4147 690 4217 of
706 4146 821 4212 Natura,
839 4146 870 4199 in
888 4146 957 4201 such
971 4160 1119 4208 caecasse
1136 4143 1176 4203 Es

137 4232 230 4304 ross]

182 4327 201 4377 4
223 4320 291 4377 Itis
306 4325 337 4377 to
348 4319 385 4376 be
404 4319 553 4375 remarked
564 4319 623 4375 also
644 4318 707 4374 that
717 4318 838 4373 Natural
852 4317 919 4371 Law
930 4316 1007 4372 deals
1026 4319 1077 4371 not

131 4405 227 4498 things
240 4406 327 4468 made
339 4405 379 4480 by
392 4412 494 4462 nature
511 4405 623 4472 herself,
640 4405 693 4462 but
706 4404 774 4460 with
789 4403 884 4474 things
902 4400 1047 4476 produced
1063 4400 1103 4473 hy
