2866 4906
528 254 830 313 paonitentiam.
1188 244 1230 310 lix

207 421 251 486 28
286 418 357 508 Ego
378 439 447 484 cum
469 418 510 484 ob
531 440 586 484 eas
610 440 688 506 quas
707 417 771 506 jam
787 419 850 483 dixi
866 416 1003 484 rationes
1024 418 1229 506 compertissi·
1244 433 1397 530 Campam

128 542 215 585 mum
231 520 389 595 haberem,
415 540 483 584 esse
497 519 622 605 aliquod
637 519 719 584 inter
743 518 872 605 populos
889 518 941 604 jus
958 540 1128 595 commuue,
1146 520 1228 606 quod
1242 537 1368 619 fimi-¹⁶⁶⁶·

129 627 165 685 et
185 618 227 684 ad
250 618 332 684 bella
348 627 381 684 et
396 617 533 683 inbellis
549 619 679 694 valeret,
701 640 756 683 cur
770 618 810 682 de
826 639 863 682 eo
879 617 1073 684 instituerem
1090 619 1229 705 scriptio·
1242 594 1381 712 &2533ng

130 738 203 784 nem
216 739 324 784 causas
335 717 431 783 habui
446 717 558 783 multas
572 739 609 784 ac
619 739 740 807 graves
781 717 935 783 Videbam
949 740 1006 805 per
1018 718 1230 784 Christianum
1242 720 1339 758 ‘'m“

132 817 241 883 orbem
270 816 322 881 vel
346 817 490 883 barbaris
518 817 664 905 gentibus
687 816 864 904 pudendam
889 816 1026 884 bellandi
1054 817 1229 884 licentiam:

131 916 253 983 levibus
278 925 334 982 aut
358 916 449 982 nullis
475 917 636 983 decausis
661 916 703 982 ad
727 937 817 981 arma
838 918 991 1003 procurri,
1009 917 1121 1004 quibus
1136 917 1231 983 semel

131 1016 241 1082 sumtis
264 1016 380 1081 nullam
401 1015 467 1102 jam
490 1015 595 1093 divini,
621 1015 738 1081 nullam
761 1017 888 1081 humani
909 1017 990 1103 juris
1010 1017 1230 1095 reverentiam,

132 1115 225 1202 plane
242 1115 330 1203 quasi
346 1137 407 1180 uno
424 1115 526 1181 edicto
542 1115 584 1181 ad
601 1115 704 1181 omnia
720 1116 837 1181 scelera
853 1116 964 1181 emisso
980 1116 1097 1182 furore.

210 1217 253 1280 29
289 1214 385 1301 Cujus
409 1214 608 1280 immanitatis
633 1224 798 1302 conspectu
825 1215 914 1280 multi
940 1216 1080 1280 homines
1106 1214 1232 1280 minime

132 1313 205 1379 mali
222 1335 259 1378 eo
281 1322 443 1393 venerunt,
467 1323 504 1379 ut
529 1314 715 1391 Christiano,
740 1314 827 1401 cujus
848 1313 1009 1400 disciplina
1032 1315 1064 1379 in
1093 1315 1233 1379 omnibus

132 1413 308 1478 hominibus
322 1413 487 1502 diligendis
504 1414 662 1500 praecipue
678 1413 826 1489 consistit,
850 1414 974 1478 ‘omnia
995 1434 1084 1479 arma
1105 1413 1233 1478 interdi-

134 1521 260 1578 cerent:
285 1512 326 1578 ad
338 1533 416 1599 quos
432 1513 580 1579 accedere
597 1512 754 1579 interdum
772 1513 917 1579 ridentur
934 1523 968 1580 et
979 1512 1003 1577 J
1006 1535 1121 1579 oannes
1134 1515 1234 1577 Ferus

133 1669 196 1726 tilae,
210 1668 274 1728 (hro.
289 1683 330 1716 ιιι.
340 1684 361 1716 c.
375 1669 428 1728 21.)
442 1671 603 1730 pertinentem
620 1685 661 1733 eo·
712 1671 788 1731 (Cap.
803 1671 854 1727 18.)

133 1744 196 1790 dem.
212 1743 331 1804 Agathiss
343 1758 397 1790 vero
407 1745 469 1791 libro
477 1758 506 1793 ιι.
517 1744 600 1791 oldaia
611 1747 661 1805 γάρ
756 1744 766 1773 ⁸
782 1746 821 1791 lta
831 1746 903 1791 habet
913 1744 1074 1804 fragmentum
1085 1760 1114 1792 ex
1125 1746 1236 1792 Euaim-

133 1821 176 1865 scal
188 1818 245 1865 θεοῦ
258 1818 429 1878 despumat«
445 1819 544 1879 φιυκτιί
563 1821 608 1877 μὲν
622 1819 660 1866 a'el
710 1819 895 1866 msErecbfeo:

133 1895 176 1940 καὶ
186 1894 330 1955 ἀσύμφορα,
346 1895 459 1955 μάλιστα
468 1897 493 1942 δὲ
502 1897 528 1944 dv
534 1897 573 1954 τῷ
581 1912 661 1956 προσ.
732 1895 804 1939 Οὐδεὶς
813 1897 942 1946 Πρατῑῦπς
951 1895 1013 1937 ἄδικα
1021 1897 1062 1940 σαῖς
1070 1893 1134 1947 ἦλθεν
1141 1894 1213 1936 πᾶλιν.

133 1973 257 2029 πολεμεῖν
277 1972 318 2016 καὶ
339 1970 565 2030 παρατάττεσθαι·
583 1970 662 2028 laius·
711 1962 780 2009 Vm·
792 1966 829 2008 44-
841 1963 943 2010 ΟῡῙῙθῦῑ·
953 1964 1051 2010 ΒΕΓΠΘΒ·
1061 1961 1115 2023 [⁸P·
1123 1963 1237 2010 Dlssdffl’f·

133 2046 191 2091 titio
199 2051 222 2092 et
232 2045 281 2092 Dei
293 2045 520 2111 neglectusyitonda
536 2060 627 2106 semper
640 2051 662 2092 ιι
710 2038 810 2098 Ffflt’m·
821 2037 858 2096 ν-]

132 2120 216 2177 mia,
226 2125 274 2166 em
283 2120 499 2166 „mmmmm
514 2134 552 2166 m
567 2121 622 2167 aeui
636 2122 662 2166 ff„
756 2113 767 2141 ⁹
783 2116 889 2159 innuere
899 2113 994 2159 ridetur
1004 2113 1064 2158 illud
1074 2113 1189 2160 Lucaur:

133 2196 187 2242 acie
200 2196 312 2242 mitur.
327 2196 396 2252 (Lib.
408 2209 437 2242 n.
448 2211 468 2242 c.
481 2196 517 2254 1.)
533 2197 623 2242 Proba
636 2197 661 2242 id
712 2194 1027 2243 cnumtubetmcliorfluneroe
1036 2205 1116 2243 sperus
1124 2195 1228 2234 munuca

133 2272 191 2317 alibi
211 2272 288 2329 Darii,
312 2272 409 2328 Xerxis,
429 2276 454 2317 et
476 2272 661 2318 Atheniensium
712 2271 829 2317 Pheraei.
850 2284 897 2317 vsi.
922 2272 974 2319 349.
998 2272 1069 2318 Adde
1094 2273 1236 2317 Masaunnr

132 2346 512 2406 insiciliaillnstsibusexemplis.
524 2347 662 2406 (ibides)
711 2348 873 2405 fragmentum
892 2360 905 2392 a
924 2346 1100 2403 Vulcanalibus,
1116 2361 1172 2406 pag.
1185 2348 1237 2393 190.

133 2422 197 2468 Vide
210 2423 230 2466 si
249 2422 308 2467 libet
322 2426 347 2468 et
364 2421 469 2480 Crispini
484 2422 616 2468 orationem
631 2423 661 2468 ad
711 2420 782 2467 Edit.
795 2421 881 2467 Cierio
893 2426 918 2466 et
930 2421 984 2466 loca
995 2422 1026 2466 ab
1038 2421 1145 2466 Auctore
1155 2427 1238 2466 nostro

132 2497 302 2556 Aquileienses
328 2496 393 2556 apud
415 2497 578 2542 Herodianum
603 2511 661 2544 rur.
712 2495 921 2551 infraadferenda,
932 2495 985 2540 Lib.
998 2508 1058 2541 inc.
1071 2495 1151 2554 1.§1.
1170 2495 1238 2541 J.B.

134 2570 168 2632 (c.
188 2569 225 2628 6.)
256 2570 331 2630 Apud
349 2571 513 2631 Thucydidem
533 2572 595 2617 libro
615 2585 662 2619 vu.
758 2571 1239 2630 1Ιιίιιιιιιηιοιιοιιεειιιονενιιιιιοιιιιιιιιι,

133 2642 310 2690 Lscedaemonii
325 2643 405 2688 clades
420 2643 451 2687 sd
467 2644 552 2702 Pylum
566 2648 591 2689 st
605 2643 663 2689 alibi
712 2648 738 2693 ni
747 2647 866 2705 judicium
882 2648 1003 2704 adhibens,
1018 2647 1148 2707 perniciosi
1163 2647 1240 2692 esitus

132 2723 247 2778 acceptas
266 2732 315 2764 suas
335 2719 414 2777 culpas
438 2723 549 2778 acceptas
573 2719 663 2777 ferunt,
712 2728 890 2784 consequantur.
925 2724 965 2769 Ita
983 2723 1049 2769 Otho
1076 2722 1141 2781 apud
1161 2721 1238 2768 Τιοι-

133 2793 457 2853 qacdjndiciumprorocatl
470 2794 579 2853 accipere
593 2808 663 2839 racu-
713 2811 777 2855 rum,
789 2798 852 2844 ffrst.
864 2811 882 2844 1.
892 2799 930 2844 83.
961 2797 1031 2843 J.B.

134 2871 237 2912 mut.
268 2865 316 2911 Sed
332 2879 386 2911 cnm
403 2872 487 2925 postes
503 2866 664 2913 Athenienses
742 2872 936 2919 somnffaarm
949 2870 1125 2932 interdicerem]
1141 2872 1241 2918 Tertul-

135 2940 219 2987 mutus
229 2940 300 2986 editis
309 2940 425 3000 improbis
439 2940 586 2986 facinoribus
597 2941 663 3001 judl-
714 2945 791 2993 lisnns
807 2947 836 2993 de
853 2948 1031 2993 Resurrectioae
1048 2946 1153 2994 Carnis:
1178 2946 1239 2994 Gla-

135 3016 199 3061 cium
220 3015 377 3076 delegissent,
391 3028 446 3073 epe!
463 3014 519 3060 inde
538 3016 664 3061 meliorum
713 3021 768 3066 diua
777 3022 832 3067 benc
842 3022 870 3067 de
881 3021 1056 3068 bellocruentas
1065 3027 1087 3067 et
1102 3021 1185 3068 melior
1200 3022 1241 3067 ho·

135 3103 288 3138 sumnum
308 3089 339 3136 sd
365 3089 560 3137 Lacedaemonios
585 3092 664 3139 rediit.
713 3096 810 3143 micida.
827 3096 955 3156 (capia)

446 3220 917 3234 ——-—---——..-----—

194 3310 230 3360 28
259 3304 284 3369 1,
298 3305 344 3359 for
362 3304 411 3360 the
425 3322 538 3361 reasons
558 3307 649 3362 which
665 3308 680 3364 1
694 3309 765 3365 hare
782 3310 884 3374 stated,
901 3307 1017 3375 holding
1035 3309 1058 3363 it
1073 3314 1102 3362 to
1117 3309 1153 3363 be
1168 3316 1241 3364 most

139 3392 244 3446 certain
259 3391 322 3446 that
336 3391 416 3446 there
431 3392 453 3447 is
468 3409 571 3464 among
585 3396 697 3449 nations
711 3412 729 3449 a
744 3412 873 3451 common
887 3395 940 3448 law
954 3393 988 3448 of
998 3392 1099 3463 Rights
1114 3393 1203 3448 which
1218 3396 1242 3450 is

139 3476 173 3532 of
186 3478 264 3533 force
278 3476 347 3530 with
366 3479 467 3549 regsrd
480 3485 511 3533 ιο
526 3496 591 3544 war,
606 3480 664 3534 and
681 3483 711 3535 in
728 3498 792 3545 war,
808 3498 863 3535 saw
878 3497 962 3550 many
977 3479 1032 3532 and
1046 3496 1130 3549 grave
1145 3496 1242 3536 causes

137 3563 201 3636 why
220 3564 236 3618 I
256 3562 358 3618 should
377 3564 456 3619 write
474 3582 492 3618 s
512 3566 589 3621 work
610 3584 648 3622 on
669 3567 732 3622 that
751 3568 868 3638 subJ'ect.
913 3567 970 3619 For
987 3565 1001 3619 I
1016 3581 1071 3620 saw
1088 3567 1242 3639 prevailing

136 3649 313 3722 throughout
329 3648 379 3704 the
402 3649 541 3705 Christian
564 3653 651 3708 world
674 3671 692 3708 s
710 3655 814 3708 linense
837 3655 867 3707 in
888 3652 1002 3722 making
1021 3669 1078 3705 war
1098 3652 1132 3707 of
1151 3652 1242 3708 which

138 3753 208 3791 eren
231 3736 386 3791 herbernus
405 3737 517 3791 natione
535 3739 628 3793 would
651 3740 722 3794 have
742 3740 816 3796 been
838 3738 988 3802 ashsmcd3
1009 3754 1140 3792 mcourse
1157 3739 1242 3811 being

136 3822 194 3877 hsd
215 3828 247 3878 to
270 3839 345 3877 arms
367 3822 413 3877 for
432 3823 518 3895 slight
537 3840 651 3880 reasons
672 3843 706 3881 or
719 3843 757 3880 no
776 3842 891 3889 reason3
908 3824 965 3883 and
985 3823 1066 3878 when
1081 3841 1155 3878 arms
1169 3842 1242 3880 were

137 3924 208 3964 oncs
227 3909 314 3964 taken
334 3925 383 3981 up,
400 3908 439 3964 sii
458 3925 608 3966 reverence
627 3911 672 3966 for
687 3911 780 3966 divine
801 3911 858 3966 and
874 3910 980 3965 human
993 3910 1046 3963 law
1064 3927 1118 3964 was
1133 3909 1243 3966 thrown

137 4012 224 4067 swsy,
246 3997 308 4065 just
333 4011 365 4049 as
390 3995 417 4049 if
433 4012 500 4050 men
521 4013 594 4052 were
621 3996 801 4053 thenccforth
826 3995 989 4052 authorized
1011 4002 1042 4051 to
1067 3998 1183 4051 commit
1205 3997 1243 4051 all

137 4082 237 4137 crimes
250 4081 371 4136 without
384 4083 525 4137 restraint.

193 4173 230 4224 29
258 4167 324 4222 And
344 4166 395 4222 the
417 4167 493 4239 sight
514 4168 547 4223 of
566 4167 646 4223 these
668 4169 810 4226 atrocities
832 4171 882 4225 has
905 4168 952 4224 led
978 4185 1063 4240 many
1083 4184 1157 4231 men,
1187 4167 1243 4221 and

137 4252 225 4319 these,
239 4252 389 4310 estimsble
403 4271 528 4326 persons,
546 4260 576 4309 tn
594 4255 706 4311 declaro
720 4273 794 4311 arms
809 4256 959 4311 forbidden
977 4262 1007 4311 to
1030 4255 1078 4309 the
1093 4253 1243 4314 Christian,

137 4339 230 4396 whose
252 4339 316 4395 rule
337 4339 372 4395 of
387 4339 438 4396 life
452 4341 558 4413 mainly
573 4343 689 4398 consiste
709 4342 739 4396 in
753 4342 816 4398 lore
840 4349 870 4398 tn
893 4342 931 4397 all
949 4358 1031 4396 mene
1054 4339 1110 4394 and
1133 4342 1164 4391 to
1186 4336 1243 4390 this

138 4432 220 4501 party
233 4428 397 4484 sometimes
416 4427 494 4485 John
506 4429 596 4485 Ferus
618 4430 675 4485 and
693 4445 746 4484 our
765 4436 950 4501 countryman
965 4429 1097 4482 Erasmus
1118 4438 1194 4479 eccm
1211 4425 1243 4473 ιο
