<?xml version="1.0" encoding="UTF-8"?>
<!DOCTYPE html PUBLIC "-//W3C//DTD XHTML 1.0 Transitional//EN"
    "http://www.w3.org/TR/xhtml1/DTD/xhtml1-transitional.dtd">
<html xmlns="http://www.w3.org/1999/xhtml" xml:lang="en" lang="en">
 <head>
  <title>
</title>
<meta http-equiv="Content-Type" content="text/html;charset=utf-8" />
  <meta name='ocr-system' content='tesseract 3.04.00' />
  <meta name='ocr-capabilities' content='ocr_page ocr_carea ocr_par ocr_line ocrx_word'/>
</head>
<body>
  <div class='ocr_page' id='page_1' title='image "./hugonisgrotiide00barbgoog_0442.png"; bbox 0 0 2866 4906; ppageno 0'>
   <div class='ocr_carea' id='block_1_1' title="bbox 132 226 1227 305">
    <p class='ocr_par' dir='ltr' id='par_1_1' title="bbox 132 226 1227 305">
     <span class='ocr_line' id='line_1_1' title="bbox 132 226 1227 305; baseline -0.005 -14"><span class='ocrx_word' id='word_1_1' title='bbox 132 237 200 292; x_wconf 74' lang='lat' dir='ltr'>Gar.</span> <span class='ocrx_word' id='word_1_2' title='bbox 216 231 296 305; x_wconf 87' lang='lat' dir='ltr'>VIL]</span> <span class='ocrx_word' id='word_1_3' title='bbox 417 238 508 303; x_wconf 79' lang='lat' dir='ltr'>QUAE</span> <span class='ocrx_word' id='word_1_4' title='bbox 530 239 594 294; x_wconf 86' lang='lat' dir='ltr'>FIT</span> <span class='ocrx_word' id='word_1_5' title='bbox 615 239 691 293; x_wconf 82' lang='lat' dir='ltr'>PER</span> <span class='ocrx_word' id='word_1_6' title='bbox 713 237 856 304; x_wconf 81' lang='lat' dir='ltr'><strong>LEGEM,</strong></span> <span class='ocrx_word' id='word_1_7' title='bbox 876 236 958 292; x_wconf 84' lang='grc' dir='ltr'><strong>ΕΤΟ.</strong></span> <span class='ocrx_word' id='word_1_8' title='bbox 1170 226 1227 292; x_wconf 81' lang='grc'>371</span> 
     </span>
    </p>
   </div>
   <div class='ocr_carea' id='block_1_2' title="bbox 391 405 966 563">
    <p class='ocr_par' dir='ltr' id='par_1_2' title="bbox 391 405 966 563">
     <span class='ocr_line' id='line_1_2' title="bbox 608 405 966 461; baseline -0.006 0"><span class='ocrx_word' id='word_1_9' title='bbox 608 406 696 461; x_wconf 88' lang='lat' dir='ltr'>Nullo</span> <span class='ocrx_word' id='word_1_10' title='bbox 711 405 870 460; x_wconf 89' lang='lat' dir='ltr'>discrimine</span> <span class='ocrx_word' id='word_1_11' title='bbox 884 421 966 461; x_wconf 87' lang='lat' dir='ltr'>sexus</span> 
     </span>
     <span class='ocr_line' id='line_1_3' title="bbox 391 491 818 563; baseline 0 -16"><span class='ocrx_word' id='word_1_12' title='bbox 391 493 531 563; x_wconf 81' lang='lat' dir='ltr'>Reginam</span> <span class='ocrx_word' id='word_1_13' title='bbox 545 493 599 547; x_wconf 84' lang='lat' dir='ltr'>scit</span> <span class='ocrx_word' id='word_1_14' title='bbox 612 493 687 547; x_wconf 85' lang='lat' dir='ltr'>ferre</span> <span class='ocrx_word' id='word_1_15' title='bbox 702 491 818 547; x_wconf 88' lang='lat' dir='ltr'>Pharos.</span> 
     </span>
    </p>
   </div>
   <div class='ocr_carea' id='block_1_3' title="bbox 131 589 1392 675">
    <p class='ocr_par' dir='ltr' id='par_1_3' title="bbox 131 589 1392 675">
     <span class='ocr_line' id='line_1_4' title="bbox 131 589 1392 675; baseline 0 -21"><span class='ocrx_word' id='word_1_16' title='bbox 131 589 187 654; x_wconf 87' lang='lat' dir='ltr'>Ait</span> <span class='ocrx_word' id='word_1_17' title='bbox 210 589 372 655; x_wconf 86' lang='lat' dir='ltr'>Lucanus:</span> <span class='ocrx_word' id='word_1_18' title='bbox 400 589 440 655; x_wconf 90' lang='lat' dir='ltr'>de</span> <span class='ocrx_word' id='word_1_19' title='bbox 465 590 627 655; x_wconf 88' lang='lat' dir='ltr'>Britannis</span> <span class='ocrx_word' id='word_1_20' title='bbox 652 590 788 672; x_wconf 78' lang='lat' dir='ltr'><strong>Tacitus,</strong></span> <span class='ocrx_word' id='word_1_21' title='bbox 812 592 925 675; x_wconf 80' lang='lat' dir='ltr'><em>Neque</em></span> <span class='ocrx_word' id='word_1_22' title='bbox 950 590 1035 654; x_wconf 82' lang='lat' dir='ltr'>enim</span> <span class='ocrx_word' id='word_1_23' title='bbox 1059 611 1172 655; x_wconf 79' lang='lat' dir='ltr'>aenum</span> <span class='ocrx_word' id='word_1_24' title='bbox 1197 591 1234 655; x_wconf 75' lang='lat' dir='ltr'>eis</span> <span class='ocrx_word' id='word_1_25' title='bbox 1247 617 1323 657; x_wconf 65' lang='lat' dir='ltr'>riae.</span> <span class='ocrx_word' id='word_1_26' title='bbox 1333 617 1392 656; x_wconf 71' lang='lat' dir='ltr'>nel.</span> 
     </span>
    </p>
   </div>
   <div class='ocr_carea' id='block_1_4' title="bbox 131 687 1233 802">
    <p class='ocr_par' dir='ltr' id='par_1_4' title="bbox 131 687 1233 802">
     <span class='ocr_line' id='line_1_5' title="bbox 131 687 1233 802; baseline 0 -48"><span class='ocrx_word' id='word_1_27' title='bbox 131 691 269 774; x_wconf 74' lang='lat' dir='ltr'>imperio</span> <span class='ocrx_word' id='word_1_28' title='bbox 291 691 486 755; x_wconf 64' lang='lat' dir='ltr'>discernunt.</span> <span class='ocrx_word' id='word_1_29' title='bbox 538 690 606 755; x_wconf 91' lang='lat' dir='ltr'>Nec</span> <span class='ocrx_word' id='word_1_30' title='bbox 622 689 764 802; x_wconf 87' lang='lat' dir='ltr'>adoptati</span> <span class='ocrx_word' id='word_1_31' title='bbox 787 688 888 754; x_wconf 90' lang='lat' dir='ltr'>minue</span> <span class='ocrx_word' id='word_1_32' title='bbox 907 687 990 754; x_wconf 81' lang='lat' dir='ltr'>seris</span> <span class='ocrx_word' id='word_1_33' title='bbox 1005 687 1111 754; x_wconf 88' lang='lat' dir='ltr'>liberis</span> <span class='ocrx_word' id='word_1_34' title='bbox 1131 711 1233 754; x_wconf 90' lang='lat' dir='ltr'>succe·</span> 
     </span>
    </p>
   </div>
   <div class='ocr_carea' id='block_1_5' title="bbox 1249 663 1401 712">
    <p class='ocr_par' dir='ltr' id='par_1_5' title="bbox 1249 663 1401 712">
     <span class='ocr_line' id='line_1_6' title="bbox 1249 663 1401 712; baseline 0.007 -11"><span class='ocrx_word' id='word_1_35' title='bbox 1249 663 1289 703; x_wconf 75' lang='lat' dir='ltr'>res</span> <span class='ocrx_word' id='word_1_36' title='bbox 1298 663 1401 712; x_wconf 62' lang='lat' dir='ltr'>lanais</span> 
     </span>
    </p>
   </div>
   <div class='ocr_carea' id='block_1_6' title="bbox 131 787 1388 909">
    <p class='ocr_par' dir='ltr' id='par_1_6' title="bbox 131 787 1388 909">
     <span class='ocr_line' id='line_1_7' title="bbox 131 787 1388 909; baseline 0.004 -56"><span class='ocrx_word' id='word_1_37' title='bbox 131 787 207 853; x_wconf 88' lang='lat' dir='ltr'>dent</span> <span class='ocrx_word' id='word_1_38' title='bbox 193 795 264 852; x_wconf 81' lang='lat' dir='ltr'>tes</span> <span class='ocrx_word' id='word_1_39' title='bbox 289 797 458 874; x_wconf 83' lang='lat' dir='ltr'>praesumta</span> <span class='ocrx_word' id='word_1_40' title='bbox 471 787 653 864; x_wconf 83' lang='lat' dir='ltr'>voluntate;</span> <span class='ocrx_word' id='word_1_41' title='bbox 672 787 718 853; x_wconf 90' lang='lat' dir='ltr'>sio</span> <span class='ocrx_word' id='word_1_42' title='bbox 733 787 860 876; x_wconf 83' lang='lat' dir='ltr'>AEpalio</span> <span class='ocrx_word' id='word_1_43' title='bbox 876 788 1048 853; x_wconf 85' lang='lat' dir='ltr'>Locrorum</span> <span class='ocrx_word' id='word_1_44' title='bbox 1065 787 1234 877; x_wconf 86' lang='lat' dir='ltr'>reg1Hyl-</span> <span class='ocrx_word' id='word_1_45' title='bbox 1247 815 1388 909; x_wconf 64' lang='lat' dir='ltr'>smnus</span> 
     </span>
    </p>
   </div>
   <div class='ocr_carea' id='block_1_7' title="bbox 132 865 1289 1075">
    <p class='ocr_par' dir='ltr' id='par_1_7' title="bbox 132 865 1289 1075">
     <span class='ocr_line' id='line_1_8' title="bbox 132 865 1289 976; baseline 0.001 -25"><span class='ocrx_word' id='word_1_46' title='bbox 132 886 180 951; x_wconf 90' lang='lat' dir='ltr'>lus</span> <span class='ocrx_word' id='word_1_47' title='bbox 195 886 340 952; x_wconf 86' lang='lat' dir='ltr'>Herculis</span> <span class='ocrx_word' id='word_1_48' title='bbox 356 886 436 953; x_wconf 87' lang='lat' dir='ltr'>filius</span> <span class='ocrx_word' id='word_1_49' title='bbox 458 909 516 976; x_wconf 86' lang='lat' dir='ltr'>per</span> <span class='ocrx_word' id='word_1_50' title='bbox 531 886 759 974; x_wconf 86' lang='lat' dir='ltr'>adoptionem</span> <span class='ocrx_word' id='word_1_51' title='bbox 750 909 783 951; x_wconf 90' lang='lat' dir='ltr'>m</span> <span class='ocrx_word' id='word_1_52' title='bbox 799 909 932 976; x_wconf 82' lang='lat' dir='ltr'>regnum</span> <span class='ocrx_word' id='word_1_53' title='bbox 949 886 1103 952; x_wconf 83' lang='lat' dir='ltr'>successit</span> <span class='ocrx_word' id='word_1_54' title='bbox 1146 865 1289 952; x_wconf 68' lang='lat' dir='ltr'>⁹Mo·⁴¹⁷&#39;</span> 
     </span>
     <span class='ocr_line' id='line_1_9' title="bbox 132 977 1233 1075; baseline 0.001 -26"><span class='ocrx_word' id='word_1_55' title='bbox 132 985 231 1051; x_wconf 84' lang='lat' dir='ltr'>lessus</span> <span class='ocrx_word' id='word_1_56' title='bbox 246 977 379 1052; x_wconf 75' lang='lat' dir='ltr'>&#39;&#39;nothus</span> <span class='ocrx_word' id='word_1_57' title='bbox 395 1009 435 1052; x_wconf 83' lang='lat' dir='ltr'>ex</span> <span class='ocrx_word' id='word_1_58' title='bbox 452 986 550 1074; x_wconf 88' lang='lat' dir='ltr'>patris</span> <span class='ocrx_word' id='word_1_59' title='bbox 567 986 695 1075; x_wconf 77' lang='lat' dir='ltr'>Pyrrhi,</span> <span class='ocrx_word' id='word_1_60' title='bbox 709 985 864 1074; x_wconf 86' lang='lat' dir='ltr'>legitimos</span> <span class='ocrx_word' id='word_1_61' title='bbox 875 984 991 1051; x_wconf 85' lang='lat' dir='ltr'>liberos</span> <span class='ocrx_word' id='word_1_62' title='bbox 1006 1007 1071 1052; x_wconf 91' lang='lat' dir='ltr'>non</span> <span class='ocrx_word' id='word_1_63' title='bbox 1080 985 1233 1068; x_wconf 85' lang='lat' dir='ltr'>habentis,</span> 
     </span>
    </p>
   </div>
   <div class='ocr_carea' id='block_1_8' title="bbox 1248 1008 1333 1050">
    <p class='ocr_par' dir='ltr' id='par_1_8' title="bbox 1248 1008 1333 1050">
     <span class='ocr_line' id='line_1_10' title="bbox 1248 1008 1333 1050; baseline 0.012 -1"><span class='ocrx_word' id='word_1_64' title='bbox 1248 1008 1333 1050; x_wconf 77' lang='lat' dir='ltr'>Pausi.</span> 
     </span>
    </p>
   </div>
   <div class='ocr_carea' id='block_1_9' title="bbox 128 1083 1368 1175">
    <p class='ocr_par' dir='ltr' id='par_1_9' title="bbox 128 1083 1368 1175">
     <span class='ocr_line' id='line_1_11' title="bbox 128 1083 1368 1175; baseline -0.004 -26"><span class='ocrx_word' id='word_1_65' title='bbox 128 1084 244 1170; x_wconf 90' lang='lat' dir='ltr'>judicio</span> <span class='ocrx_word' id='word_1_66' title='bbox 266 1085 440 1151; x_wconf 86' lang='lat' dir='ltr'>successit</span> <span class='ocrx_word' id='word_1_67' title='bbox 431 1107 464 1149; x_wconf 88' lang='grc' dir='ltr'>ιιι</span> <span class='ocrx_word' id='word_1_68' title='bbox 479 1106 610 1175; x_wconf 84' lang='lat' dir='ltr'>regnum</span> <span class='ocrx_word' id='word_1_69' title='bbox 631 1084 738 1173; x_wconf 87' lang='lat' dir='ltr'><strong>Epiri:</strong></span> <span class='ocrx_word' id='word_1_70' title='bbox 762 1084 803 1150; x_wconf 88' lang='lat' dir='ltr'>de</span> <span class='ocrx_word' id='word_1_71' title='bbox 818 1083 1025 1172; x_wconf 84' lang='lat' dir='ltr'>adoptando</span> <span class='ocrx_word' id='word_1_72' title='bbox 1016 1106 1049 1149; x_wconf 84' lang='lat' dir='ltr'>su</span> <span class='ocrx_word' id='word_1_73' title='bbox 1072 1086 1235 1150; x_wconf 88' lang='lat' dir='ltr'>successio-</span> <span class='ocrx_word' id='word_1_74' title='bbox 1247 1104 1368 1144; x_wconf 65' lang='lat' dir='ltr'>sasas</span> 
     </span>
    </p>
   </div>
   <div class='ocr_carea' id='block_1_10' title="bbox 132 1183 1238 1670">
    <p class='ocr_par' dir='ltr' id='par_1_10' title="bbox 132 1183 1238 1670">
     <span class='ocr_line' id='line_1_12' title="bbox 132 1183 1235 1298; baseline 0.001 -49"><span class='ocrx_word' id='word_1_75' title='bbox 132 1205 204 1250; x_wconf 91' lang='lat' dir='ltr'>nem</span> <span class='ocrx_word' id='word_1_76' title='bbox 222 1185 301 1272; x_wconf 85' lang='lat' dir='ltr'>Scyt</span> <span class='ocrx_word' id='word_1_77' title='bbox 287 1183 362 1250; x_wconf 85' lang='lat' dir='ltr'>thiae</span> <span class='ocrx_word' id='word_1_78' title='bbox 378 1183 522 1298; x_wconf 91' lang='lat' dir='ltr'>Philippo</span> <span class='ocrx_word' id='word_1_79' title='bbox 540 1183 606 1272; x_wconf 82' lang='lat' dir='ltr'>egit</span> <span class='ocrx_word' id='word_1_80' title='bbox 621 1206 680 1249; x_wconf 81' lang='lat' dir='ltr'>rex</span> <span class='ocrx_word' id='word_1_81' title='bbox 697 1184 835 1251; x_wconf 81' lang='lat' dir='ltr'>Atheas:</span> <span class='ocrx_word' id='word_1_82' title='bbox 860 1184 1022 1297; x_wconf 79' lang='lat' dir='ltr'>iugurtha</span> <span class='ocrx_word' id='word_1_83' title='bbox 1038 1183 1162 1260; x_wconf 89' lang='lat' dir='ltr'>nothus,</span> <span class='ocrx_word' id='word_1_84' title='bbox 1179 1183 1235 1250; x_wconf 86' lang='lat' dir='ltr'>sed</span> 
     </span>
     <span class='ocr_line' id='line_1_13' title="bbox 133 1281 1237 1373; baseline -0.002 -24"><span class='ocrx_word' id='word_1_85' title='bbox 133 1283 310 1370; x_wconf 87' lang='lat' dir='ltr'>adoptatus,</span> <span class='ocrx_word' id='word_1_86' title='bbox 325 1283 470 1350; x_wconf 87' lang='lat' dir='ltr'>suecessit</span> <span class='ocrx_word' id='word_1_87' title='bbox 486 1283 520 1348; x_wconf 95' lang='lat' dir='ltr'>in</span> <span class='ocrx_word' id='word_1_88' title='bbox 536 1305 634 1373; x_wconf 80' lang='lat' dir='ltr'>regno</span> <span class='ocrx_word' id='word_1_89' title='bbox 650 1282 834 1349; x_wconf 90' lang='lat' dir='ltr'>Numidico:</span> <span class='ocrx_word' id='word_1_90' title='bbox 851 1281 930 1348; x_wconf 88' lang='lat' dir='ltr'>sicut</span> <span class='ocrx_word' id='word_1_91' title='bbox 947 1290 980 1349; x_wconf 88' lang='lat' dir='ltr'>et</span> <span class='ocrx_word' id='word_1_92' title='bbox 996 1282 1030 1346; x_wconf 93' lang='lat' dir='ltr'>in</span> <span class='ocrx_word' id='word_1_93' title='bbox 1043 1282 1150 1370; x_wconf 81' lang='lat' dir='ltr'>regnis</span> <span class='ocrx_word' id='word_1_94' title='bbox 1166 1303 1237 1368; x_wconf 82' lang='lat' dir='ltr'>quae</span> 
     </span>
     <span class='ocr_line' id='line_1_14' title="bbox 135 1380 1237 1494; baseline -0.003 -45"><span class='ocrx_word' id='word_1_95' title='bbox 135 1382 242 1460; x_wconf 80' lang='lat' dir='ltr'>Gothi,</span> <span class='ocrx_word' id='word_1_96' title='bbox 266 1391 298 1449; x_wconf 91' lang='lat' dir='ltr'>et</span> <span class='ocrx_word' id='word_1_97' title='bbox 324 1382 524 1471; x_wconf 72' lang='lat' dir='ltr'><strong>Langobardi</strong></span> <span class='ocrx_word' id='word_1_98' title='bbox 548 1382 643 1448; x_wconf 92' lang='lat' dir='ltr'>armis</span> <span class='ocrx_word' id='word_1_99' title='bbox 665 1381 862 1494; x_wconf 73' lang='lat' dir='ltr'><strong>quaesierant,</strong></span> <span class='ocrx_word' id='word_1_100' title='bbox 884 1381 1083 1467; x_wconf 88' lang='lat' dir='ltr'>adoptionem</span> <span class='ocrx_word' id='word_1_101' title='bbox 1104 1380 1237 1447; x_wconf 86' lang='lat' dir='ltr'>valuisse</span> 
     </span>
     <span class='ocr_line' id='line_1_15' title="bbox 133 1479 1237 1569; baseline -0.001 -23"><span class='ocrx_word' id='word_1_102' title='bbox 133 1480 274 1569; x_wconf 86' lang='lat' dir='ltr'>legimus</span> <span class='ocrx_word' id='word_1_103' title='bbox 326 1483 393 1547; x_wconf 91' lang='lat' dir='ltr'>Imo</span> <span class='ocrx_word' id='word_1_104' title='bbox 413 1481 508 1550; x_wconf 86' lang='lat' dir='ltr'>etiem</span> <span class='ocrx_word' id='word_1_105' title='bbox 525 1481 567 1548; x_wconf 87' lang='lat' dir='ltr'>ad</span> <span class='ocrx_word' id='word_1_106' title='bbox 590 1503 642 1548; x_wconf 92' lang='lat' dir='ltr'>eos</span> <span class='ocrx_word' id='word_1_107' title='bbox 660 1480 818 1569; x_wconf 89' lang='lat' dir='ltr'>proximos</span> <span class='ocrx_word' id='word_1_108' title='bbox 840 1479 941 1546; x_wconf 88' lang='lat' dir='ltr'>ultimi</span> <span class='ocrx_word' id='word_1_109' title='bbox 961 1479 1144 1566; x_wconf 81' lang='lat' dir='ltr'>possessoris</span> <span class='ocrx_word' id='word_1_110' title='bbox 1166 1501 1237 1568; x_wconf 79' lang='lat' dir='ltr'>reg-</span> 
     </span>
     <span class='ocr_line' id='line_1_16' title="bbox 134 1578 1238 1670; baseline -0.001 -25"><span class='ocrx_word' id='word_1_111' title='bbox 134 1602 208 1646; x_wconf 92' lang='lat' dir='ltr'>num</span> <span class='ocrx_word' id='word_1_112' title='bbox 225 1580 398 1668; x_wconf 80' lang='lat' dir='ltr'>perveniet,</span> <span class='ocrx_word' id='word_1_113' title='bbox 416 1580 470 1669; x_wconf 93' lang='lat' dir='ltr'>qui</span> <span class='ocrx_word' id='word_1_114' title='bbox 486 1581 620 1670; x_wconf 91' lang='lat' dir='ltr'>primum</span> <span class='ocrx_word' id='word_1_115' title='bbox 640 1601 748 1668; x_wconf 79' lang='lat' dir='ltr'>regem</span> <span class='ocrx_word' id='word_1_116' title='bbox 768 1579 919 1668; x_wconf 86' lang='lat' dir='ltr'>sanguine</span> <span class='ocrx_word' id='word_1_117' title='bbox 935 1600 999 1644; x_wconf 90' lang='lat' dir='ltr'>non</span> <span class='ocrx_word' id='word_1_118' title='bbox 1015 1578 1185 1667; x_wconf 79' lang='lat' dir='ltr'>attingunt,</span> <span class='ocrx_word' id='word_1_119' title='bbox 1211 1578 1238 1644; x_wconf 89' lang='lat' dir='ltr'>si</span> 
     </span>
    </p>
   </div>
   <div class='ocr_carea' id='block_1_11' title="bbox 133 1743 1240 2103">
    <p class='ocr_par' dir='ltr' id='par_1_11' title="bbox 133 1743 1240 1956">
     <span class='ocr_line' id='line_1_17' title="bbox 133 1743 1240 1807; baseline -0.002 -15"><span class='ocrx_word' id='word_1_120' title='bbox 133 1759 176 1792; x_wconf 87' lang='lat' dir='ltr'>nas</span> <span class='ocrx_word' id='word_1_121' title='bbox 200 1760 314 1806; x_wconf 76' lang='lat' dir='ltr'>regnasse</span> <span class='ocrx_word' id='word_1_122' title='bbox 336 1747 417 1807; x_wconf 88' lang='lat' dir='ltr'>plures</span> <span class='ocrx_word' id='word_1_123' title='bbox 441 1749 524 1793; x_wconf 84' lang='lat' dir='ltr'>narrat</span> <span class='ocrx_word' id='word_1_124' title='bbox 540 1745 658 1792; x_wconf 79' lang='lat' dir='ltr'>Amissus</span> <span class='ocrx_word' id='word_1_125' title='bbox 708 1743 1240 1806; x_wconf 80' lang='lat' dir='ltr'>Pyrrhi,uxoreductaAndromache,l&#39;yrrho</span> 
     </span>
     <span class='ocr_line' id='line_1_18' title="bbox 133 1819 1240 1881; baseline -0.001 -14"><span class='ocrx_word' id='word_1_126' title='bbox 133 1819 261 1880; x_wconf 76' lang='grc' dir='ltr'>ἀναβάσει.</span> <span class='ocrx_word' id='word_1_127' title='bbox 277 1820 344 1881; x_wconf 88' lang='lat' dir='ltr'><strong>(Lib.</strong></span> <span class='ocrx_word' id='word_1_128' title='bbox 361 1833 379 1867; x_wconf 90' lang='grc' dir='ltr'>ι.</span> <span class='ocrx_word' id='word_1_129' title='bbox 390 1835 410 1868; x_wconf 94' lang='lat' dir='ltr'>c.</span> <span class='ocrx_word' id='word_1_130' title='bbox 426 1820 479 1880; x_wconf 76' lang='lat'>24.)</span> <span class='ocrx_word' id='word_1_131' title='bbox 503 1820 569 1866; x_wconf 84' lang='lat' dir='ltr'>Talis</span> <span class='ocrx_word' id='word_1_132' title='bbox 586 1819 658 1866; x_wconf 80' lang='lat' dir='ltr'><strong>Nito·</strong></span> <span class='ocrx_word' id='word_1_133' title='bbox 709 1819 734 1866; x_wconf 89' lang='lat' dir='ltr'>iu</span> <span class='ocrx_word' id='word_1_134' title='bbox 758 1833 860 1879; x_wconf 82' lang='lat' dir='ltr'>regnum</span> <span class='ocrx_word' id='word_1_135' title='bbox 879 1819 1030 1877; x_wconf 78' lang='lat' dir='ltr'>successisse,</span> <span class='ocrx_word' id='word_1_136' title='bbox 1050 1820 1115 1880; x_wconf 87' lang='lat' dir='ltr'>quod</span> <span class='ocrx_word' id='word_1_137' title='bbox 1135 1821 1240 1867; x_wconf 87' lang='lat' dir='ltr'>moriens</span> 
     </span>
     <span class='ocr_line' id='line_1_19' title="bbox 133 1893 1096 1956; baseline 0.002 -16"><span class='ocrx_word' id='word_1_138' title='bbox 133 1895 180 1940; x_wconf 87' lang='lat' dir='ltr'>cris</span> <span class='ocrx_word' id='word_1_139' title='bbox 198 1896 329 1956; x_wconf 79' lang='lat' dir='ltr'>Babylone,</span> <span class='ocrx_word' id='word_1_140' title='bbox 343 1896 473 1942; x_wconf 78' lang='lat' dir='ltr'>Artemisia</span> <span class='ocrx_word' id='word_1_141' title='bbox 488 1893 659 1952; x_wconf 79' lang='lat' dir='ltr'>Halicmunssi,</span> <span class='ocrx_word' id='word_1_142' title='bbox 709 1894 761 1954; x_wconf 88' lang='lat' dir='ltr'>ipse</span> <span class='ocrx_word' id='word_1_143' title='bbox 771 1894 878 1940; x_wconf 87' lang='lat' dir='ltr'>Molosso</span> <span class='ocrx_word' id='word_1_144' title='bbox 887 1895 995 1955; x_wconf 89' lang='lat' dir='ltr'>reliquit.</span> <span class='ocrx_word' id='word_1_145' title='bbox 1024 1894 1096 1942; x_wconf 85' lang='lat' dir='ltr'><strong><em>J.B.</em></strong></span> 
     </span>
    </p>

    <p class='ocr_par' dir='ltr' id='par_1_12' title="bbox 134 1966 1240 2103">
     <span class='ocr_line' id='line_1_20' title="bbox 134 1966 1239 2030; baseline 0.001 -16"><span class='ocrx_word' id='word_1_146' title='bbox 134 1968 243 2028; x_wconf 80' lang='lat' dir='ltr'>Tomyris</span> <span class='ocrx_word' id='word_1_147' title='bbox 253 1970 318 2028; x_wconf 85' lang='lat' dir='ltr'>apud</span> <span class='ocrx_word' id='word_1_148' title='bbox 328 1969 435 2030; x_wconf 82' lang='lat' dir='ltr'>Scythas.</span> <span class='ocrx_word' id='word_1_149' title='bbox 453 1969 548 2015; x_wconf 84' lang='lat' dir='ltr'>Servius</span> <span class='ocrx_word' id='word_1_150' title='bbox 562 1969 593 2013; x_wconf 86' lang='lat' dir='ltr'>ed</span> <span class='ocrx_word' id='word_1_151' title='bbox 608 1969 658 2030; x_wconf 88' lang='lat' dir='ltr'>pri·</span> <span class='ocrx_word' id='word_1_152' title='bbox 755 1966 885 2028; x_wconf 79' lang='lat' dir='ltr'>bNotius]</span> <span class='ocrx_word' id='word_1_153' title='bbox 911 1969 989 2029; x_wconf 85' lang='lat' dir='ltr'>Apud</span> <span class='ocrx_word' id='word_1_154' title='bbox 1003 1968 1119 2016; x_wconf 81' lang='lat' dir='ltr'>Tartsros</span> <span class='ocrx_word' id='word_1_155' title='bbox 1130 1969 1200 2016; x_wconf 91' lang='lat' dir='ltr'>nothi</span> <span class='ocrx_word' id='word_1_156' title='bbox 1214 1972 1239 2017; x_wconf 86' lang='lat' dir='ltr'>et</span> 
     </span>
     <span class='ocr_line' id='line_1_21' title="bbox 135 2041 1240 2103; baseline 0.005 -16"><span class='ocrx_word' id='word_1_157' title='bbox 135 2056 200 2088; x_wconf 92' lang='lat' dir='ltr'>mnm</span> <span class='ocrx_word' id='word_1_158' title='bbox 216 2043 332 2089; x_wconf 82' lang='lat' dir='ltr'>AEneidos</span> <span class='ocrx_word' id='word_1_159' title='bbox 348 2043 419 2102; x_wconf 86' lang='lat' dir='ltr'>(vers.</span> <span class='ocrx_word' id='word_1_160' title='bbox 435 2041 504 2102; x_wconf 60' lang='lat' dir='ltr'>66sp</span> <span class='ocrx_word' id='word_1_161' title='bbox 525 2041 590 2101; x_wconf 79' lang='lat' dir='ltr'>Quia</span> <span class='ocrx_word' id='word_1_162' title='bbox 605 2046 659 2088; x_wconf 75' lang='lat' dir='ltr'>aeis</span> <span class='ocrx_word' id='word_1_163' title='bbox 709 2042 812 2102; x_wconf 77' lang='lat' dir='ltr'>legitimi</span> <span class='ocrx_word' id='word_1_164' title='bbox 828 2057 905 2103; x_wconf 84' lang='lat' dir='ltr'>pnrcs.</span> <span class='ocrx_word' id='word_1_165' title='bbox 936 2043 975 2090; x_wconf 88' lang='lat' dir='ltr'>De</span> <span class='ocrx_word' id='word_1_166' title='bbox 993 2043 1073 2090; x_wconf 84' lang='lat' dir='ltr'>Persis</span> <span class='ocrx_word' id='word_1_167' title='bbox 1087 2059 1144 2091; x_wconf 81' lang='lat' dir='ltr'>vero</span> <span class='ocrx_word' id='word_1_168' title='bbox 1161 2045 1240 2091; x_wconf 83' lang='lat' dir='ltr'>Hero·</span> 
     </span>
    </p>
   </div>
   <div class='ocr_carea' id='block_1_12' title="bbox 135 2116 1241 2250">
    <p class='ocr_par' dir='ltr' id='par_1_13' title="bbox 135 2116 1241 2250">
     <span class='ocr_line' id='line_1_22' title="bbox 135 2116 1239 2178; baseline 0.003 -16"><span class='ocrx_word' id='word_1_169' title='bbox 135 2117 206 2162; x_wconf 75' lang='lat' dir='ltr'>etiosa</span> <span class='ocrx_word' id='word_1_170' title='bbox 217 2117 318 2174; x_wconf 72' lang='lat' dir='ltr'>semina</span> <span class='ocrx_word' id='word_1_171' title='bbox 335 2117 473 2177; x_wconf 57' lang='lat' dir='ltr'>ramesse</span> <span class='ocrx_word' id='word_1_172' title='bbox 503 2116 571 2162; x_wconf 84' lang='lat' dir='ltr'>Idem</span> <span class='ocrx_word' id='word_1_173' title='bbox 594 2117 659 2177; x_wconf 79' lang='lat' dir='ltr'>apud</span> <span class='ocrx_word' id='word_1_174' title='bbox 710 2118 798 2163; x_wconf 82' lang='lat' dir='ltr'>dotus:</span> <span class='ocrx_word' id='word_1_175' title='bbox 815 2117 887 2165; x_wconf 80' lang='grc' dir='ltr'>νόθον</span> <span class='ocrx_word' id='word_1_176' title='bbox 897 2118 925 2163; x_wconf 82' lang='lat' dir='ltr'>eii</span> <span class='ocrx_word' id='word_1_177' title='bbox 938 2123 988 2177; x_wconf 83' lang='grc' dir='ltr'>σφι</span> <span class='ocrx_word' id='word_1_178' title='bbox 1004 2118 1077 2178; x_wconf 80' lang='grc' dir='ltr'>νόμοι</span> <span class='ocrx_word' id='word_1_179' title='bbox 1091 2120 1150 2166; x_wconf 70' lang='grc' dir='ltr'>ἐστι</span> <span class='ocrx_word' id='word_1_180' title='bbox 1164 2121 1239 2178; x_wconf 79' lang='grc' dir='ltr'>βασι-</span> 
     </span>
     <span class='ocr_line' id='line_1_23' title="bbox 136 2190 1241 2250; baseline 0.002 -13"><span class='ocrx_word' id='word_1_181' title='bbox 136 2191 242 2237; x_wconf 80' lang='lat' dir='ltr'>Rutulos</span> <span class='ocrx_word' id='word_1_182' title='bbox 249 2190 660 2238; x_wconf 71' lang='lat' dir='ltr'>obtinuissedocetedrxAEneidcs</span> <span class='ocrx_word' id='word_1_183' title='bbox 710 2190 809 2247; x_wconf 72' lang='grc' dir='ltr'>λοῦσαι,</span> <span class='ocrx_word' id='word_1_184' title='bbox 825 2191 929 2250; x_wconf 71' lang='grc' dir='ltr'>’γνησίου</span> <span class='ocrx_word' id='word_1_185' title='bbox 944 2191 1096 2249; x_wconf 57' lang='lat' dir='ltr'>sapiensne·</span> <span class='ocrx_word' id='word_1_186' title='bbox 1120 2193 1178 2239; x_wconf 78' lang='lat' dir='ltr'>Mos</span> <span class='ocrx_word' id='word_1_187' title='bbox 1194 2207 1241 2239; x_wconf 77' lang='lat' dir='ltr'>non</span> 
     </span>
    </p>
   </div>
   <div class='ocr_carea' id='block_1_13' title="bbox 133 2264 1241 3449">
    <p class='ocr_par' dir='ltr' id='par_1_14' title="bbox 133 2264 1241 3449">
     <span class='ocr_line' id='line_1_24' title="bbox 135 2264 1241 2327; baseline 0.002 -17"><span class='ocrx_word' id='word_1_188' title='bbox 135 2265 205 2324; x_wconf 81' lang='lat' dir='ltr'>(vers.</span> <span class='ocrx_word' id='word_1_189' title='bbox 214 2265 275 2324; x_wconf 80' lang='grc'>664).</span> <span class='ocrx_word' id='word_1_190' title='bbox 293 2264 345 2326; x_wconf 86' lang='lat' dir='ltr'>[De</span> <span class='ocrx_word' id='word_1_191' title='bbox 351 2265 502 2312; x_wconf 83' lang='lat' dir='ltr'>Feminarum</span> <span class='ocrx_word' id='word_1_192' title='bbox 512 2264 660 2312; x_wconf 79' lang='lat' dir='ltr'>successione</span> <span class='ocrx_word' id='word_1_193' title='bbox 710 2270 744 2311; x_wconf 73' lang='lat' dir='ltr'>eei</span> <span class='ocrx_word' id='word_1_194' title='bbox 759 2265 810 2311; x_wconf 83' lang='lat' dir='ltr'>illie</span> <span class='ocrx_word' id='word_1_195' title='bbox 825 2270 851 2311; x_wconf 85' lang='grc' dir='ltr'>ιιι</span> <span class='ocrx_word' id='word_1_196' title='bbox 866 2266 951 2311; x_wconf 81' lang='lat' dir='ltr'>notius</span> <span class='ocrx_word' id='word_1_197' title='bbox 964 2271 1044 2326; x_wconf 75' lang='lat' dir='ltr'>reynel</span> <span class='ocrx_word' id='word_1_198' title='bbox 1057 2267 1112 2312; x_wconf 80' lang='lat' dir='ltr'>dum</span> <span class='ocrx_word' id='word_1_199' title='bbox 1123 2267 1241 2327; x_wconf 63' lang='lat' dir='ltr'>legitimus</span> 
     </span>
     <span class='ocr_line' id='line_1_25' title="bbox 136 2339 1239 2401; baseline 0.004 -17"><span class='ocrx_word' id='word_1_200' title='bbox 136 2339 161 2384; x_wconf 88' lang='lat' dir='ltr'>iu</span> <span class='ocrx_word' id='word_1_201' title='bbox 173 2352 283 2399; x_wconf 78' lang='lat' dir='ltr'>regnum,</span> <span class='ocrx_word' id='word_1_202' title='bbox 298 2344 327 2385; x_wconf 91' lang='lat' dir='ltr'>ut</span> <span class='ocrx_word' id='word_1_203' title='bbox 340 2343 446 2400; x_wconf 82' lang='lat' dir='ltr'>putatur,</span> <span class='ocrx_word' id='word_1_204' title='bbox 461 2339 525 2398; x_wconf 86' lang='lat' dir='ltr'>apud</span> <span class='ocrx_word' id='word_1_205' title='bbox 541 2339 659 2399; x_wconf 83' lang='lat' dir='ltr'>Assyrios,</span> <span class='ocrx_word' id='word_1_206' title='bbox 711 2340 800 2400; x_wconf 79' lang='lat' dir='ltr'>uliquis</span> <span class='ocrx_word' id='word_1_207' title='bbox 815 2341 938 2399; x_wconf 77' lang='lat' dir='ltr'>reperitur.</span> <span class='ocrx_word' id='word_1_208' title='bbox 969 2341 1031 2399; x_wconf 82' lang='lat' dir='ltr'><strong>(Lib.</strong></span> <span class='ocrx_word' id='word_1_209' title='bbox 1047 2354 1087 2388; x_wconf 86' lang='grc' dir='ltr'>ιιι.</span> <span class='ocrx_word' id='word_1_210' title='bbox 1108 2356 1130 2390; x_wconf 91' lang='lat' dir='ltr'>c.</span> <span class='ocrx_word' id='word_1_211' title='bbox 1145 2343 1178 2401; x_wconf 82' lang='lat'>2).</span> <span class='ocrx_word' id='word_1_212' title='bbox 1209 2343 1239 2388; x_wconf 92' lang='lat' dir='ltr'>ln</span> 
     </span>
     <span class='ocr_line' id='line_1_26' title="bbox 136 2413 1240 2477; baseline 0.003 -20"><span class='ocrx_word' id='word_1_213' title='bbox 136 2414 191 2459; x_wconf 83' lang='lat' dir='ltr'>vide</span> <span class='ocrx_word' id='word_1_214' title='bbox 217 2413 322 2460; x_wconf 84' lang='lat' dir='ltr'>Conrad.</span> <span class='ocrx_word' id='word_1_215' title='bbox 354 2414 450 2460; x_wconf 81' lang='lat' dir='ltr'>Samuel</span> <span class='ocrx_word' id='word_1_216' title='bbox 477 2413 659 2461; x_wconf 83' lang='lat' dir='ltr'>Sohurzileisch.</span> <span class='ocrx_word' id='word_1_217' title='bbox 711 2416 828 2477; x_wconf 82' lang='lat' dir='ltr'>Hispanis</span> <span class='ocrx_word' id='word_1_218' title='bbox 838 2415 950 2461; x_wconf 81' lang='lat' dir='ltr'>Weudeli</span> <span class='ocrx_word' id='word_1_219' title='bbox 961 2422 1095 2476; x_wconf 82' lang='lat' dir='ltr'>regnarunt</span> <span class='ocrx_word' id='word_1_220' title='bbox 1104 2418 1160 2475; x_wconf 89' lang='lat' dir='ltr'>duo,</span> <span class='ocrx_word' id='word_1_221' title='bbox 1170 2419 1240 2465; x_wconf 89' lang='lat' dir='ltr'>Gon.</span> 
     </span>
     <span class='ocr_line' id='line_1_27' title="bbox 136 2488 1240 2551; baseline 0.005 -15"><span class='ocrx_word' id='word_1_222' title='bbox 136 2489 206 2549; x_wconf 90' lang='lat' dir='ltr'>Disp.</span> <span class='ocrx_word' id='word_1_223' title='bbox 219 2502 292 2535; x_wconf 76' lang='lat' dir='ltr'>usur.</span> <span class='ocrx_word' id='word_1_224' title='bbox 303 2503 359 2549; x_wconf 79' lang='lat' dir='ltr'>pag.</span> <span class='ocrx_word' id='word_1_225' title='bbox 369 2490 406 2546; x_wconf 81' lang='lat'>28,</span> <span class='ocrx_word' id='word_1_226' title='bbox 417 2493 442 2536; x_wconf 83' lang='lat' dir='ltr'>st</span> <span class='ocrx_word' id='word_1_227' title='bbox 453 2503 518 2550; x_wconf 89' lang='lat' dir='ltr'>seqq.</span> <span class='ocrx_word' id='word_1_228' title='bbox 548 2488 630 2549; x_wconf 85' lang='lat' dir='ltr'><strong>J.B.]</strong></span> <span class='ocrx_word' id='word_1_229' title='bbox 711 2491 786 2537; x_wconf 79' lang='lat' dir='ltr'>theris</span> <span class='ocrx_word' id='word_1_230' title='bbox 796 2490 925 2551; x_wconf 84' lang='lat' dir='ltr'>legitimus,</span> <span class='ocrx_word' id='word_1_231' title='bbox 935 2490 1075 2538; x_wconf 84' lang='lat' dir='ltr'>Gizerichus</span> <span class='ocrx_word' id='word_1_232' title='bbox 1087 2494 1176 2540; x_wconf 85' lang='lat' dir='ltr'>nothus</span> <span class='ocrx_word' id='word_1_233' title='bbox 1188 2494 1240 2541; x_wconf 88' lang='lat' dir='ltr'>Go-</span> 
     </span>
     <span class='ocr_line' id='line_1_28' title="bbox 180 2563 1239 2630; baseline 0.006 -20"><span class='ocrx_word' id='word_1_234' title='bbox 180 2563 235 2610; x_wconf 85' lang='lat' dir='ltr'>⁹1n</span> <span class='ocrx_word' id='word_1_235' title='bbox 254 2577 297 2609; x_wconf 87' lang='lat' dir='ltr'>ora</span> <span class='ocrx_word' id='word_1_236' title='bbox 316 2563 371 2608; x_wconf 86' lang='lat' dir='ltr'><strong>iibri</strong></span> <span class='ocrx_word' id='word_1_237' title='bbox 391 2564 484 2609; x_wconf 79' lang='lat' dir='ltr'>Auctor</span> <span class='ocrx_word' id='word_1_238' title='bbox 504 2563 556 2610; x_wconf 89' lang='lat' dir='ltr'>heic</span> <span class='ocrx_word' id='word_1_239' title='bbox 571 2568 659 2610; x_wconf 86' lang='lat' dir='ltr'>testem</span> <span class='ocrx_word' id='word_1_240' title='bbox 712 2565 806 2626; x_wconf 78' lang='lat' dir='ltr'>digiscli</span> <span class='ocrx_word' id='word_1_241' title='bbox 820 2569 882 2611; x_wconf 87' lang='lat' dir='ltr'>teste</span> <span class='ocrx_word' id='word_1_242' title='bbox 899 2565 1018 2625; x_wconf 84' lang='lat' dir='ltr'>Procopio</span> <span class='ocrx_word' id='word_1_243' title='bbox 1035 2565 1172 2626; x_wconf 78' lang='lat' dir='ltr'>(Vandalis.</span> <span class='ocrx_word' id='word_1_244' title='bbox 1184 2582 1203 2615; x_wconf 86' lang='lat'>1.</span> <span class='ocrx_word' id='word_1_245' title='bbox 1214 2569 1239 2630; x_wconf 83' lang='lat'>3)</span> 
     </span>
     <span class='ocr_line' id='line_1_29' title="bbox 135 2637 1239 2704; baseline 0.007 -20"><span class='ocrx_word' id='word_1_246' title='bbox 135 2639 226 2685; x_wconf 84' lang='lat' dir='ltr'>indicat</span> <span class='ocrx_word' id='word_1_247' title='bbox 241 2638 392 2695; x_wconf 81' lang='lat' dir='ltr'>Pausaniam,</span> <span class='ocrx_word' id='word_1_248' title='bbox 407 2637 460 2684; x_wconf 86' lang='lat' dir='ltr'><strong>Lib.</strong></span> <span class='ocrx_word' id='word_1_249' title='bbox 479 2650 496 2683; x_wconf 92' lang='lat'>1.</span> <span class='ocrx_word' id='word_1_250' title='bbox 527 2637 606 2684; x_wconf 84' lang='lat' dir='ltr'>Locus</span> <span class='ocrx_word' id='word_1_251' title='bbox 623 2642 661 2685; x_wconf 82' lang='lat' dir='ltr'>ess</span> <span class='ocrx_word' id='word_1_252' title='bbox 712 2655 742 2687; x_wconf 80' lang='lat' dir='ltr'>ex</span> <span class='ocrx_word' id='word_1_253' title='bbox 757 2640 985 2701; x_wconf 78' lang='lat' dir='ltr'>Septentrionnlium</span> <span class='ocrx_word' id='word_1_254' title='bbox 1000 2643 1112 2690; x_wconf 86' lang='lat' dir='ltr'>nimirum</span> <span class='ocrx_word' id='word_1_255' title='bbox 1128 2646 1239 2704; x_wconf 78' lang='lat' dir='ltr'>gentium</span> 
     </span>
     <span class='ocr_line' id='line_1_30' title="bbox 135 2711 1240 2777; baseline 0.006 -17"><span class='ocrx_word' id='word_1_256' title='bbox 135 2715 232 2775; x_wconf 74' lang='lat' dir='ltr'>capri.</span> <span class='ocrx_word' id='word_1_257' title='bbox 264 2712 311 2759; x_wconf 87' lang='lat' dir='ltr'>Sed</span> <span class='ocrx_word' id='word_1_258' title='bbox 321 2726 369 2758; x_wconf 93' lang='lat' dir='ltr'>nou</span> <span class='ocrx_word' id='word_1_259' title='bbox 380 2712 438 2758; x_wconf 74' lang='lat' dir='ltr'>sads</span> <span class='ocrx_word' id='word_1_260' title='bbox 446 2716 625 2772; x_wconf 68' lang='lat' dir='ltr'>accurateque</span> <span class='ocrx_word' id='word_1_261' title='bbox 634 2711 659 2757; x_wconf 90' lang='lat' dir='ltr'>iu</span> <span class='ocrx_word' id='word_1_262' title='bbox 712 2716 872 2773; x_wconf 81' lang='lat' dir='ltr'>moreseteri,</span> <span class='ocrx_word' id='word_1_263' title='bbox 886 2716 1039 2777; x_wconf 85' lang='lat' dir='ltr'>cujustestes</span> <span class='ocrx_word' id='word_1_264' title='bbox 1054 2719 1163 2765; x_wconf 82' lang='lat' dir='ltr'>Adsmus</span> <span class='ocrx_word' id='word_1_265' title='bbox 1178 2720 1240 2767; x_wconf 89' lang='lat' dir='ltr'>Bre-</span> 
     </span>
     <span class='ocr_line' id='line_1_31' title="bbox 136 2786 1239 2848; baseline 0.006 -15"><span class='ocrx_word' id='word_1_266' title='bbox 136 2802 165 2834; x_wconf 90' lang='lat' dir='ltr'>eo</span> <span class='ocrx_word' id='word_1_267' title='bbox 185 2788 285 2848; x_wconf 78' lang='lat' dir='ltr'>legerat,</span> <span class='ocrx_word' id='word_1_268' title='bbox 303 2786 395 2834; x_wconf 84' lang='lat' dir='ltr'>retulit.</span> <span class='ocrx_word' id='word_1_269' title='bbox 425 2786 488 2832; x_wconf 84' lang='lat' dir='ltr'>Nam</span> <span class='ocrx_word' id='word_1_270' title='bbox 504 2786 525 2831; x_wconf 86' lang='lat'>1.</span> <span class='ocrx_word' id='word_1_271' title='bbox 541 2786 661 2832; x_wconf 80' lang='lat' dir='ltr'>Molossus</span> <span class='ocrx_word' id='word_1_272' title='bbox 712 2790 800 2836; x_wconf 88' lang='lat' dir='ltr'>mensis</span> <span class='ocrx_word' id='word_1_273' title='bbox 819 2789 934 2837; x_wconf 75' lang='lat' dir='ltr'>Historia</span> <span class='ocrx_word' id='word_1_274' title='bbox 954 2791 1131 2839; x_wconf 71' lang='lat' dir='ltr'>Ecclesiastico</span> <span class='ocrx_word' id='word_1_275' title='bbox 1152 2807 1172 2842; x_wconf 88' lang='grc' dir='ltr'>ο.</span> <span class='ocrx_word' id='word_1_276' title='bbox 1187 2794 1239 2843; x_wconf 89' lang='grc'>106.</span> 
     </span>
     <span class='ocr_line' id='line_1_32' title="bbox 136 2860 1241 2934; baseline 0.006 -25"><span class='ocrx_word' id='word_1_277' title='bbox 136 2877 184 2909; x_wconf 91' lang='lat' dir='ltr'>non</span> <span class='ocrx_word' id='word_1_278' title='bbox 199 2869 250 2909; x_wconf 88' lang='lat' dir='ltr'>erat</span> <span class='ocrx_word' id='word_1_279' title='bbox 260 2862 323 2908; x_wconf 87' lang='lat' dir='ltr'>iilius</span> <span class='ocrx_word' id='word_1_280' title='bbox 333 2862 422 2907; x_wconf 82' lang='lat' dir='ltr'>nothus</span> <span class='ocrx_word' id='word_1_281' title='bbox 431 2860 661 2923; x_wconf 80' lang='lat' dir='ltr'>Pyrrhi,sedmujor</span> <span class='ocrx_word' id='word_1_282' title='bbox 713 2864 854 2911; x_wconf 83' lang='lat' dir='ltr'>Helmoldns</span> <span class='ocrx_word' id='word_1_283' title='bbox 872 2865 976 2934; x_wconf 77' lang='lat' dir='ltr'>Slayicis</span> <span class='ocrx_word' id='word_1_284' title='bbox 987 2867 1040 2915; x_wconf 80' lang='lat' dir='ltr'>Lrh.</span> <span class='ocrx_word' id='word_1_285' title='bbox 1058 2880 1075 2914; x_wconf 92' lang='grc' dir='ltr'>ι.</span> <span class='ocrx_word' id='word_1_286' title='bbox 1091 2881 1112 2913; x_wconf 91' lang='grc' dir='ltr'>ο.</span> <span class='ocrx_word' id='word_1_287' title='bbox 1127 2869 1157 2914; x_wconf 82' lang='grc'>61</span> <span class='ocrx_word' id='word_1_288' title='bbox 1168 2871 1241 2916; x_wconf 64' lang='lat' dir='ltr'>etii.</span> 
     </span>
     <span class='ocr_line' id='line_1_33' title="bbox 136 2937 1240 2996; baseline 0.006 -12"><span class='ocrx_word' id='word_1_289' title='bbox 136 2943 195 2984; x_wconf 84' lang='lat' dir='ltr'>natu</span> <span class='ocrx_word' id='word_1_290' title='bbox 210 2938 283 2984; x_wconf 83' lang='lat' dir='ltr'>trium</span> <span class='ocrx_word' id='word_1_291' title='bbox 297 2937 425 2983; x_wconf 89' lang='lat' dir='ltr'>liberorum</span> <span class='ocrx_word' id='word_1_292' title='bbox 445 2939 611 2996; x_wconf 84' lang='lat' dir='ltr'>susceptorum</span> <span class='ocrx_word' id='word_1_293' title='bbox 630 2949 661 2982; x_wconf 89' lang='lat' dir='ltr'>ex</span> <span class='ocrx_word' id='word_1_294' title='bbox 712 2939 825 2987; x_wconf 83' lang='lat' dir='ltr'>Michaeli</span> <span class='ocrx_word' id='word_1_295' title='bbox 834 2939 964 2988; x_wconf 76' lang='lat' dir='ltr'>Thessalia</span> <span class='ocrx_word' id='word_1_296' title='bbox 974 2941 1240 2991; x_wconf 87' lang='lat' dir='ltr'>dominosnccessitle-</span> 
     </span>
     <span class='ocr_line' id='line_1_34' title="bbox 134 3011 1239 3074; baseline 0.005 -16"><span class='ocrx_word' id='word_1_297' title='bbox 134 3011 310 3068; x_wconf 84' lang='lat' dir='ltr'>Andromache,</span> <span class='ocrx_word' id='word_1_298' title='bbox 320 3025 391 3071; x_wconf 86' lang='lat' dir='ltr'>quam</span> <span class='ocrx_word' id='word_1_299' title='bbox 404 3024 449 3071; x_wconf 84' lang='lat' dir='ltr'>pro</span> <span class='ocrx_word' id='word_1_300' title='bbox 463 3011 572 3073; x_wconf 78' lang='lat' dir='ltr'>legitima</span> <span class='ocrx_word' id='word_1_301' title='bbox 586 3024 660 3057; x_wconf 84' lang='lat' dir='ltr'>uxore</span> <span class='ocrx_word' id='word_1_302' title='bbox 711 3013 803 3074; x_wconf 79' lang='lat' dir='ltr'>gitimls</span> <span class='ocrx_word' id='word_1_303' title='bbox 826 3014 990 3062; x_wconf 87' lang='lat' dir='ltr'>deficientibus</span> <span class='ocrx_word' id='word_1_304' title='bbox 1013 3015 1101 3062; x_wconf 89' lang='lat' dir='ltr'>nothus</span> <span class='ocrx_word' id='word_1_305' title='bbox 1126 3017 1239 3065; x_wconf 84' lang='lat' dir='ltr'>Michael.</span> 
     </span>
     <span class='ocr_line' id='line_1_35' title="bbox 135 3086 1240 3152; baseline -0.001 -19"><span class='ocrx_word' id='word_1_306' title='bbox 135 3088 258 3144; x_wconf 75' lang='lat' dir='ltr'>habuerat,</span> <span class='ocrx_word' id='word_1_307' title='bbox 277 3090 306 3133; x_wconf 79' lang='lat' dir='ltr'>ut</span> <span class='ocrx_word' id='word_1_308' title='bbox 319 3087 353 3132; x_wconf 79' lang='lat' dir='ltr'>sit</span> <span class='ocrx_word' id='word_1_309' title='bbox 370 3087 483 3134; x_wconf 69' lang='lat' dir='ltr'>Silanus</span> <span class='ocrx_word' id='word_1_310' title='bbox 501 3087 526 3132; x_wconf 88' lang='lat' dir='ltr'>in</span> <span class='ocrx_word' id='word_1_311' title='bbox 541 3086 601 3133; x_wconf 79' lang='lat' dir='ltr'>AEn.</span> <span class='ocrx_word' id='word_1_312' title='bbox 618 3098 661 3133; x_wconf 89' lang='lat'>111.</span> <span class='ocrx_word' id='word_1_313' title='bbox 713 3090 835 3152; x_wconf 75' lang='lat' dir='ltr'>Gregoru</span> <span class='ocrx_word' id='word_1_314' title='bbox 849 3091 902 3139; x_wconf 85' lang='lat' dir='ltr'><strong>Lib.</strong></span> <span class='ocrx_word' id='word_1_315' title='bbox 912 3104 942 3140; x_wconf 85' lang='lat' dir='ltr'>ll.</span> <span class='ocrx_word' id='word_1_316' title='bbox 953 3093 1023 3152; x_wconf 72' lang='lat' dir='ltr'>(pag,</span> <span class='ocrx_word' id='word_1_317' title='bbox 1034 3091 1089 3152; x_wconf 77' lang='grc'>22.)</span> <span class='ocrx_word' id='word_1_318' title='bbox 1120 3093 1184 3141; x_wconf 68' lang='lat' dir='ltr'><strong>Huic</strong></span> <span class='ocrx_word' id='word_1_319' title='bbox 1198 3095 1240 3141; x_wconf 75' lang='lat' dir='ltr'><strong>iti.</strong></span> 
     </span>
     <span class='ocr_line' id='line_1_36' title="bbox 133 3161 1239 3226; baseline 0.005 -17"><span class='ocrx_word' id='word_1_320' title='bbox 133 3163 186 3210; x_wconf 81' lang='lat'><strong>297.</strong></span> <span class='ocrx_word' id='word_1_321' title='bbox 216 3163 251 3208; x_wconf 88' lang='lat'>11.</span> <span class='ocrx_word' id='word_1_322' title='bbox 266 3162 322 3208; x_wconf 83' lang='lat' dir='ltr'>Nou</span> <span class='ocrx_word' id='word_1_323' title='bbox 339 3162 397 3208; x_wconf 82' lang='lat' dir='ltr'>dicit</span> <span class='ocrx_word' id='word_1_324' title='bbox 413 3162 550 3218; x_wconf 76' lang='lat' dir='ltr'>Pausanias,</span> <span class='ocrx_word' id='word_1_325' title='bbox 567 3161 660 3207; x_wconf 85' lang='lat' dir='ltr'>Molos·</span> <span class='ocrx_word' id='word_1_326' title='bbox 711 3164 767 3210; x_wconf 91' lang='lat' dir='ltr'>dem</span> <span class='ocrx_word' id='word_1_327' title='bbox 784 3166 873 3211; x_wconf 83' lang='lat' dir='ltr'>nothus</span> <span class='ocrx_word' id='word_1_328' title='bbox 889 3167 1004 3213; x_wconf 85' lang='lat' dir='ltr'>successit</span> <span class='ocrx_word' id='word_1_329' title='bbox 1023 3181 1053 3212; x_wconf 86' lang='lat' dir='ltr'>ex</span> <span class='ocrx_word' id='word_1_330' title='bbox 1070 3172 1156 3226; x_wconf 81' lang='lat' dir='ltr'>purte:</span> <span class='ocrx_word' id='word_1_331' title='bbox 1175 3169 1239 3215; x_wconf 92' lang='lat' dir='ltr'>idem</span> 
     </span>
     <span class='ocr_line' id='line_1_37' title="bbox 135 3234 1240 3300; baseline 0.001 -19"><span class='ocrx_word' id='word_1_332' title='bbox 135 3250 196 3291; x_wconf 90' lang='lat' dir='ltr'>sum,</span> <span class='ocrx_word' id='word_1_333' title='bbox 219 3235 384 3281; x_wconf 87' lang='lat' dir='ltr'>deficientibus</span> <span class='ocrx_word' id='word_1_334' title='bbox 403 3235 485 3281; x_wconf 81' lang='lat' dir='ltr'>liberis</span> <span class='ocrx_word' id='word_1_335' title='bbox 502 3234 625 3294; x_wconf 75' lang='lat' dir='ltr'><strong>legitimis,</strong></span> <span class='ocrx_word' id='word_1_336' title='bbox 645 3247 660 3278; x_wconf 79' lang='lat' dir='ltr'>a</span> <span class='ocrx_word' id='word_1_337' title='bbox 713 3239 834 3298; x_wconf 74' lang='lat' dir='ltr'>Gregom</span> <span class='ocrx_word' id='word_1_338' title='bbox 844 3239 898 3285; x_wconf 89' lang='lat' dir='ltr'><strong>Lib.</strong></span> <span class='ocrx_word' id='word_1_339' title='bbox 909 3252 945 3285; x_wconf 68' lang='grc' dir='ltr'>ιν.</span> <span class='ocrx_word' id='word_1_340' title='bbox 960 3239 1032 3300; x_wconf 69' lang='lat' dir='ltr'>(Peg.</span> <span class='ocrx_word' id='word_1_341' title='bbox 1041 3243 1081 3287; x_wconf 77' lang='grc'>62,</span> <span class='ocrx_word' id='word_1_342' title='bbox 1091 3241 1141 3288; x_wconf 79' lang='lat' dir='ltr'>Ed,</span> <span class='ocrx_word' id='word_1_343' title='bbox 1154 3243 1240 3292; x_wconf 57' lang='lat' dir='ltr'>Genea,</span> 
     </span>
     <span class='ocr_line' id='line_1_38' title="bbox 135 3308 1239 3373; baseline 0.007 -18"><span class='ocrx_word' id='word_1_344' title='bbox 135 3310 228 3369; x_wconf 83' lang='lat' dir='ltr'>Pyrrho</span> <span class='ocrx_word' id='word_1_345' title='bbox 242 3309 354 3355; x_wconf 86' lang='lat' dir='ltr'>heredem</span> <span class='ocrx_word' id='word_1_346' title='bbox 369 3309 438 3367; x_wconf 79' lang='lat' dir='ltr'>regni</span> <span class='ocrx_word' id='word_1_347' title='bbox 452 3309 603 3354; x_wconf 84' lang='lat' dir='ltr'>institutum:</span> <span class='ocrx_word' id='word_1_348' title='bbox 618 3308 660 3353; x_wconf 88' lang='lat' dir='ltr'>sed</span> <span class='ocrx_word' id='word_1_349' title='bbox 712 3311 790 3370; x_wconf 89' lang='grc'>1616).</span> <span class='ocrx_word' id='word_1_350' title='bbox 820 3311 859 3357; x_wconf 88' lang='lat' dir='ltr'>De</span> <span class='ocrx_word' id='word_1_351' title='bbox 874 3312 981 3358; x_wconf 83' lang='lat' dir='ltr'>Molosso</span> <span class='ocrx_word' id='word_1_352' title='bbox 996 3313 1082 3373; x_wconf 86' lang='lat' dir='ltr'>Pyrrhi</span> <span class='ocrx_word' id='word_1_353' title='bbox 1096 3316 1171 3362; x_wconf 92' lang='lat' dir='ltr'>notho</span> <span class='ocrx_word' id='word_1_354' title='bbox 1186 3317 1239 3364; x_wconf 85' lang='lat' dir='ltr'>ride</span> 
     </span>
     <span class='ocr_line' id='line_1_39' title="bbox 136 3381 1213 3449; baseline 0.009 -21"><span class='ocrx_word' id='word_1_355' title='bbox 136 3383 264 3439; x_wconf 83' lang='lat' dir='ltr'>Helenum,</span> <span class='ocrx_word' id='word_1_356' title='bbox 284 3381 360 3427; x_wconf 86' lang='lat' dir='ltr'>tilium</span> <span class='ocrx_word' id='word_1_357' title='bbox 374 3382 471 3438; x_wconf 85' lang='lat' dir='ltr'>Priami,</span> <span class='ocrx_word' id='word_1_358' title='bbox 486 3386 542 3441; x_wconf 86' lang='lat' dir='ltr'>post</span> <span class='ocrx_word' id='word_1_359' title='bbox 557 3385 660 3427; x_wconf 83' lang='lat' dir='ltr'>mortem</span> <span class='ocrx_word' id='word_1_360' title='bbox 712 3384 820 3430; x_wconf 79' lang='lat' dir='ltr'>Servium</span> <span class='ocrx_word' id='word_1_361' title='bbox 829 3384 860 3428; x_wconf 87' lang='lat' dir='ltr'>ad</span> <span class='ocrx_word' id='word_1_362' title='bbox 870 3396 913 3431; x_wconf 87' lang='grc' dir='ltr'>ιιι.</span> <span class='ocrx_word' id='word_1_363' title='bbox 920 3385 1045 3433; x_wconf 79' lang='lat' dir='ltr'>AEssidos.</span> <span class='ocrx_word' id='word_1_364' title='bbox 1058 3388 1132 3447; x_wconf 79' lang='lat' dir='ltr'>(vers.</span> <span class='ocrx_word' id='word_1_365' title='bbox 1143 3390 1186 3437; x_wconf 80' lang='lat'>297</span> <span class='ocrx_word' id='word_1_366' title='bbox 1191 3396 1213 3449; x_wconf 69' lang='lat' dir='ltr'><strong>i.</strong></span> 
     </span>
    </p>
   </div>
   <div class='ocr_carea' id='block_1_14' title="bbox 135 3573 962 3671">
    <p class='ocr_par' dir='ltr' id='par_1_15' title="bbox 135 3573 962 3671">
     <span class='ocr_line' id='line_1_40' title="bbox 135 3573 962 3671; baseline 0.004 -20"><span class='ocrx_word' id='word_1_367' title='bbox 135 3573 246 3668; x_wconf 88' lang='lat' dir='ltr'>people.</span> <span class='ocrx_word' id='word_1_368' title='bbox 286 3593 326 3650; x_wconf 84' lang='lat' dir='ltr'>of</span> <span class='ocrx_word' id='word_1_369' title='bbox 338 3593 429 3648; x_wconf 79' lang='lat' dir='ltr'>which</span> <span class='ocrx_word' id='word_1_370' title='bbox 439 3594 591 3651; x_wconf 83' lang='lat' dir='ltr'>difference</span> <span class='ocrx_word' id='word_1_371' title='bbox 605 3612 647 3652; x_wconf 83' lang='lat' dir='ltr'>we</span> <span class='ocrx_word' id='word_1_372' title='bbox 658 3596 730 3653; x_wconf 83' lang='lat' dir='ltr'>have</span> <span class='ocrx_word' id='word_1_373' title='bbox 744 3599 850 3671; x_wconf 83' lang='lat' dir='ltr'>spoken</span> <span class='ocrx_word' id='word_1_374' title='bbox 864 3601 962 3656; x_wconf 83' lang='lat' dir='ltr'>abore.</span> 
     </span>
    </p>
   </div>
   <div class='ocr_carea' id='block_1_15' title="bbox 134 3679 1240 3934">
    <p class='ocr_par' dir='ltr' id='par_1_16' title="bbox 134 3679 1240 3934">
     <span class='ocr_line' id='line_1_41' title="bbox 188 3679 1240 3758; baseline 0.01 -23"><span class='ocrx_word' id='word_1_375' title='bbox 188 3681 345 3753; x_wconf 81' lang='lat' dir='ltr'>Kiugdoms</span> <span class='ocrx_word' id='word_1_376' title='bbox 357 3679 391 3734; x_wconf 84' lang='lat' dir='ltr'>of</span> <span class='ocrx_word' id='word_1_377' title='bbox 401 3680 451 3736; x_wconf 91' lang='lat' dir='ltr'>the</span> <span class='ocrx_word' id='word_1_378' title='bbox 462 3681 568 3737; x_wconf 81' lang='lat' dir='ltr'>former</span> <span class='ocrx_word' id='word_1_379' title='bbox 582 3681 651 3736; x_wconf 88' lang='lat' dir='ltr'><strong>kind</strong></span> <span class='ocrx_word' id='word_1_380' title='bbox 662 3700 728 3757; x_wconf 85' lang='lat' dir='ltr'>may</span> <span class='ocrx_word' id='word_1_381' title='bbox 739 3685 776 3740; x_wconf 91' lang='lat' dir='ltr'>be</span> <span class='ocrx_word' id='word_1_382' title='bbox 787 3685 853 3740; x_wconf 90' lang='lat' dir='ltr'>held</span> <span class='ocrx_word' id='word_1_383' title='bbox 865 3686 903 3758; x_wconf 92' lang='lat' dir='ltr'>by</span> <span class='ocrx_word' id='word_1_384' title='bbox 914 3685 1002 3741; x_wconf 88' lang='lat' dir='ltr'>mules</span> <span class='ocrx_word' id='word_1_385' title='bbox 1014 3701 1047 3740; x_wconf 90' lang='lat' dir='ltr'>or</span> <span class='ocrx_word' id='word_1_386' title='bbox 1060 3685 1192 3744; x_wconf 85' lang='lat' dir='ltr'>iemales:</span> <span class='ocrx_word' id='word_1_387' title='bbox 1208 3706 1240 3746; x_wconf 87' lang='lat' dir='ltr'>as</span> 
     </span>
     <span class='ocr_line' id='line_1_42' title="bbox 134 3766 1239 3839; baseline 0.007 -16"><span class='ocrx_word' id='word_1_388' title='bbox 134 3768 270 3839; x_wconf 79' lang='lat' dir='ltr'>formerly</span> <span class='ocrx_word' id='word_1_389' title='bbox 292 3768 322 3820; x_wconf 94' lang='lat' dir='ltr'>in</span> <span class='ocrx_word' id='word_1_390' title='bbox 341 3766 436 3838; x_wconf 78' lang='lat' dir='ltr'>Egypt</span> <span class='ocrx_word' id='word_1_391' title='bbox 454 3767 510 3822; x_wconf 85' lang='lat' dir='ltr'>and</span> <span class='ocrx_word' id='word_1_392' title='bbox 532 3768 561 3821; x_wconf 94' lang='lat' dir='ltr'>in</span> <span class='ocrx_word' id='word_1_393' title='bbox 583 3770 700 3825; x_wconf 86' lang='lat' dir='ltr'>Britain.</span> <span class='ocrx_word' id='word_1_394' title='bbox 739 3771 794 3826; x_wconf 80' lang='lat' dir='ltr'>See</span> <span class='ocrx_word' id='word_1_395' title='bbox 815 3772 913 3827; x_wconf 84' lang='lat' dir='ltr'>Lucan</span> <span class='ocrx_word' id='word_1_396' title='bbox 935 3771 991 3826; x_wconf 88' lang='lat' dir='ltr'>and</span> <span class='ocrx_word' id='word_1_397' title='bbox 1015 3773 1137 3830; x_wconf 84' lang='lat' dir='ltr'>Tacitus.</span> <span class='ocrx_word' id='word_1_398' title='bbox 1174 3774 1239 3831; x_wconf 82' lang='lat' dir='ltr'>And</span> 
     </span>
     <span class='ocr_line' id='line_1_43' title="bbox 134 3852 1239 3934; baseline 0.008 -26"><span class='ocrx_word' id='word_1_399' title='bbox 134 3854 259 3925; x_wconf 82' lang='lat' dir='ltr'>adopted</span> <span class='ocrx_word' id='word_1_400' title='bbox 274 3869 304 3907; x_wconf 89' lang='lat' dir='ltr'>as</span> <span class='ocrx_word' id='word_1_401' title='bbox 316 3852 379 3907; x_wconf 78' lang='lat' dir='ltr'>well</span> <span class='ocrx_word' id='word_1_402' title='bbox 390 3868 421 3907; x_wconf 88' lang='lat' dir='ltr'>as</span> <span class='ocrx_word' id='word_1_403' title='bbox 435 3853 496 3907; x_wconf 87' lang='lat' dir='ltr'>real</span> <span class='ocrx_word' id='word_1_404' title='bbox 507 3854 634 3909; x_wconf 87' lang='lat' dir='ltr'>children</span> <span class='ocrx_word' id='word_1_405' title='bbox 648 3857 767 3912; x_wconf 88' lang='lat' dir='ltr'>sncceed</span> <span class='ocrx_word' id='word_1_406' title='bbox 780 3857 811 3911; x_wconf 92' lang='lat' dir='ltr'>in</span> <span class='ocrx_word' id='word_1_407' title='bbox 821 3857 891 3913; x_wconf 87' lang='lat' dir='ltr'>such</span> <span class='ocrx_word' id='word_1_408' title='bbox 905 3874 990 3923; x_wconf 86' lang='lat' dir='ltr'>cases,</span> <span class='ocrx_word' id='word_1_409' title='bbox 1003 3858 1078 3915; x_wconf 83' lang='lat' dir='ltr'>from</span> <span class='ocrx_word' id='word_1_410' title='bbox 1092 3877 1239 3934; x_wconf 88' lang='lat' dir='ltr'>presump-</span> 
     </span>
    </p>
   </div>
   <div class='ocr_carea' id='block_1_16' title="bbox 1249 1209 1402 1590">
    <p class='ocr_par' dir='ltr' id='par_1_17' title="bbox 1249 1209 1402 1590">
     <span class='ocr_line' id='line_1_44' title="bbox 1249 1209 1358 1250; baseline -0.009 -1"><span class='ocrx_word' id='word_1_411' title='bbox 1249 1210 1296 1250; x_wconf 70' lang='lat' dir='ltr'>sall.</span> <span class='ocrx_word' id='word_1_412' title='bbox 1308 1209 1358 1248; x_wconf 70' lang='lat' dir='ltr'>sea</span> 
     </span>
     <span class='ocr_line' id='line_1_45' title="bbox 1249 1255 1402 1340; baseline -0.013 -46"><span class='ocrx_word' id='word_1_413' title='bbox 1249 1257 1299 1340; x_wconf 46' lang='lat' dir='ltr'>gp.</span> <span class='ocrx_word' id='word_1_414' title='bbox 1293 1257 1364 1302; x_wconf 86' lang='lat' dir='ltr'>.,c.10</span> <span class='ocrx_word' id='word_1_415' title='bbox 1371 1255 1402 1300; x_wconf 92' lang='lat' dir='ltr'>ll,</span> 
     </span>
     <span class='ocr_line' id='line_1_46' title="bbox 1250 1403 1390 1443; baseline 0 -1"><span class='ocrx_word' id='word_1_416' title='bbox 1250 1403 1304 1443; x_wconf 69' lang='lat' dir='ltr'>cm</span> <span class='ocrx_word' id='word_1_417' title='bbox 1315 1403 1390 1443; x_wconf 67' lang='lat' dir='ltr'>ceros</span> 
     </span>
     <span class='ocr_line' id='line_1_47' title="bbox 1251 1449 1378 1534; baseline 0 0"><span class='ocrx_word' id='word_1_418' title='bbox 1251 1449 1378 1534; x_wconf 49' lang='lat' dir='ltr'><strong>Lliill&#39;vildd&#39;</strong></span> 
     </span>
     <span class='ocr_line' id='line_1_48' title="bbox 1253 1542 1384 1590; baseline 0.008 -9"><span class='ocrx_word' id='word_1_419' title='bbox 1253 1542 1306 1582; x_wconf 75' lang='lat' dir='ltr'>Gesi-</span> <span class='ocrx_word' id='word_1_420' title='bbox 1316 1542 1384 1590; x_wconf 73' lang='lat' dir='ltr'>Leno</span> 
     </span>
    </p>
   </div>
   <div class='ocr_carea' id='block_1_17' title="bbox 134 3938 1313 4014">
    <p class='ocr_par' dir='ltr' id='par_1_18' title="bbox 134 3938 1313 4014">
     <span class='ocr_line' id='line_1_49' title="bbox 134 3938 1313 4014; baseline 0.008 -20"><span class='ocrx_word' id='word_1_421' title='bbox 134 3941 196 3994; x_wconf 82' lang='lat' dir='ltr'>tion</span> <span class='ocrx_word' id='word_1_422' title='bbox 211 3940 244 3995; x_wconf 86' lang='lat' dir='ltr'>of</span> <span class='ocrx_word' id='word_1_423' title='bbox 258 3938 307 3994; x_wconf 89' lang='lat' dir='ltr'>the</span> <span class='ocrx_word' id='word_1_424' title='bbox 321 3938 386 3994; x_wconf 86' lang='lat' dir='ltr'><strong>will.</strong></span> <span class='ocrx_word' id='word_1_425' title='bbox 425 3939 464 3993; x_wconf 84' lang='lat' dir='ltr'>So</span> <span class='ocrx_word' id='word_1_426' title='bbox 483 3939 585 4012; x_wconf 82' lang='lat' dir='ltr'>Hyllus</span> <span class='ocrx_word' id='word_1_427' title='bbox 603 3941 653 3997; x_wconf 88' lang='lat' dir='ltr'>the</span> <span class='ocrx_word' id='word_1_428' title='bbox 670 3941 795 4014; x_wconf 82' lang='lat' dir='ltr'>adopted</span> <span class='ocrx_word' id='word_1_429' title='bbox 813 3959 865 3999; x_wconf 90' lang='lat' dir='ltr'>eon</span> <span class='ocrx_word' id='word_1_430' title='bbox 885 3943 918 3998; x_wconf 85' lang='lat' dir='ltr'>oi</span> <span class='ocrx_word' id='word_1_431' title='bbox 929 3944 1066 4002; x_wconf 88' lang='lat' dir='ltr'>Hercules</span> <span class='ocrx_word' id='word_1_432' title='bbox 1084 3948 1239 4005; x_wconf 88' lang='lat' dir='ltr'>succeeded</span> <span class='ocrx_word' id='word_1_433' title='bbox 1306 3959 1313 3972; x_wconf 91' lang='grc'>·</span> 
     </span>
    </p>
   </div>
   <div class='ocr_carea' id='block_1_18' title="bbox 135 4024 1241 4444">
    <p class='ocr_par' dir='ltr' id='par_1_19' title="bbox 135 4024 1241 4444">
     <span class='ocr_line' id='line_1_50' title="bbox 135 4024 1236 4104; baseline 0.008 -25"><span class='ocrx_word' id='word_1_434' title='bbox 135 4025 282 4096; x_wconf 80' lang='lat' dir='ltr'>AEpnlius3</span> <span class='ocrx_word' id='word_1_435' title='bbox 314 4024 453 4081; x_wconf 88' lang='lat' dir='ltr'>Molossus</span> <span class='ocrx_word' id='word_1_436' title='bbox 479 4027 635 4082; x_wconf 87' lang='lat' dir='ltr'>succeeded</span> <span class='ocrx_word' id='word_1_437' title='bbox 659 4028 802 4100; x_wconf 65' lang='lat' dir='ltr'>Pyrrhum</span> <span class='ocrx_word' id='word_1_438' title='bbox 834 4029 939 4086; x_wconf 79' lang='lat' dir='ltr'>Athens</span> <span class='ocrx_word' id='word_1_439' title='bbox 965 4025 1072 4099; x_wconf 74' lang='lat' dir='ltr'>[Ateea</span> <span class='ocrx_word' id='word_1_440' title='bbox 1102 4030 1236 4104; x_wconf 66' lang='lat' dir='ltr'>drocen]</span> 
     </span>
     <span class='ocr_line' id='line_1_51' title="bbox 135 4110 1239 4187; baseline 0.011 -25"><span class='ocrx_word' id='word_1_441' title='bbox 135 4111 228 4165; x_wconf 83' lang='lat' dir='ltr'>would</span> <span class='ocrx_word' id='word_1_442' title='bbox 245 4110 317 4165; x_wconf 86' lang='lat' dir='ltr'>have</span> <span class='ocrx_word' id='word_1_443' title='bbox 337 4110 425 4166; x_wconf 85' lang='lat' dir='ltr'>taken</span> <span class='ocrx_word' id='word_1_444' title='bbox 446 4112 542 4184; x_wconf 89' lang='lat' dir='ltr'><strong>Philip</strong></span> <span class='ocrx_word' id='word_1_445' title='bbox 558 4112 604 4168; x_wconf 86' lang='lat' dir='ltr'>ior</span> <span class='ocrx_word' id='word_1_446' title='bbox 624 4113 668 4168; x_wconf 89' lang='lat' dir='ltr'>hie</span> <span class='ocrx_word' id='word_1_447' title='bbox 689 4130 849 4182; x_wconf 85' lang='lat' dir='ltr'>successor;</span> <span class='ocrx_word' id='word_1_448' title='bbox 870 4116 1012 4187; x_wconf 85' lang='lat' dir='ltr'>Jugnrtha</span> <span class='ocrx_word' id='word_1_449' title='bbox 1031 4117 1186 4173; x_wconf 88' lang='lat' dir='ltr'>succeeded</span> <span class='ocrx_word' id='word_1_450' title='bbox 1209 4125 1239 4174; x_wconf 88' lang='lat' dir='ltr'>to</span> 
     </span>
     <span class='ocr_line' id='line_1_52' title="bbox 137 4194 1239 4273; baseline 0.008 -25"><span class='ocrx_word' id='word_1_451' title='bbox 137 4194 187 4250; x_wconf 90' lang='lat' dir='ltr'>the</span> <span class='ocrx_word' id='word_1_452' title='bbox 200 4196 335 4267; x_wconf 81' lang='lat' dir='ltr'>kingdom</span> <span class='ocrx_word' id='word_1_453' title='bbox 350 4197 384 4251; x_wconf 85' lang='lat' dir='ltr'>of</span> <span class='ocrx_word' id='word_1_454' title='bbox 395 4197 530 4251; x_wconf 87' lang='lat' dir='ltr'>Numidia</span> <span class='ocrx_word' id='word_1_455' title='bbox 536 4218 544 4263; x_wconf 69' lang='grc' dir='ltr'>ι</span> <span class='ocrx_word' id='word_1_456' title='bbox 563 4197 620 4252; x_wconf 85' lang='lat' dir='ltr'>aud</span> <span class='ocrx_word' id='word_1_457' title='bbox 634 4214 665 4253; x_wconf 91' lang='lat' dir='ltr'>so</span> <span class='ocrx_word' id='word_1_458' title='bbox 681 4199 711 4252; x_wconf 93' lang='lat' dir='ltr'>in</span> <span class='ocrx_word' id='word_1_459' title='bbox 725 4199 776 4256; x_wconf 88' lang='lat' dir='ltr'>the</span> <span class='ocrx_word' id='word_1_460' title='bbox 789 4201 936 4273; x_wconf 82' lang='lat' dir='ltr'>kingdoms</span> <span class='ocrx_word' id='word_1_461' title='bbox 955 4202 988 4257; x_wconf 86' lang='lat' dir='ltr'>of</span> <span class='ocrx_word' id='word_1_462' title='bbox 1007 4203 1055 4257; x_wconf 90' lang='lat' dir='ltr'>tho</span> <span class='ocrx_word' id='word_1_463' title='bbox 1072 4202 1161 4256; x_wconf 86' lang='lat' dir='ltr'>Goths</span> <span class='ocrx_word' id='word_1_464' title='bbox 1183 4204 1239 4257; x_wconf 90' lang='lat' dir='ltr'>aud</span> 
     </span>
     <span class='ocr_line' id='line_1_53' title="bbox 136 4281 1241 4358; baseline 0.01 -25"><span class='ocrx_word' id='word_1_465' title='bbox 136 4281 292 4337; x_wconf 86' lang='lat' dir='ltr'>Lombards</span> <span class='ocrx_word' id='word_1_466' title='bbox 303 4283 439 4355; x_wconf 78' lang='lat' dir='ltr'>adoption</span> <span class='ocrx_word' id='word_1_467' title='bbox 453 4283 606 4354; x_wconf 82' lang='lat' dir='ltr'>prevailed.</span> <span class='ocrx_word' id='word_1_468' title='bbox 643 4285 723 4340; x_wconf 81' lang='lat' dir='ltr'>Even</span> <span class='ocrx_word' id='word_1_469' title='bbox 737 4286 787 4342; x_wconf 90' lang='lat' dir='ltr'>the</span> <span class='ocrx_word' id='word_1_470' title='bbox 801 4287 935 4358; x_wconf 76' lang='lat' dir='ltr'>kingdom</span> <span class='ocrx_word' id='word_1_471' title='bbox 950 4286 1023 4341; x_wconf 82' lang='lat' dir='ltr'>shall</span> <span class='ocrx_word' id='word_1_472' title='bbox 1037 4303 1100 4358; x_wconf 83' lang='lat' dir='ltr'>pass</span> <span class='ocrx_word' id='word_1_473' title='bbox 1115 4294 1145 4342; x_wconf 91' lang='lat' dir='ltr'>to</span> <span class='ocrx_word' id='word_1_474' title='bbox 1160 4288 1241 4344; x_wconf 88' lang='lat' dir='ltr'>those</span> 
     </span>
     <span class='ocr_line' id='line_1_54' title="bbox 137 4365 1241 4444; baseline 0.011 -26"><span class='ocrx_word' id='word_1_475' title='bbox 137 4365 266 4421; x_wconf 80' lang='lat' dir='ltr'>relatives</span> <span class='ocrx_word' id='word_1_476' title='bbox 284 4368 317 4422; x_wconf 83' lang='lat' dir='ltr'>of</span> <span class='ocrx_word' id='word_1_477' title='bbox 331 4367 380 4424; x_wconf 87' lang='lat' dir='ltr'>the</span> <span class='ocrx_word' id='word_1_478' title='bbox 397 4370 453 4424; x_wconf 81' lang='lat' dir='ltr'>lest</span> <span class='ocrx_word' id='word_1_479' title='bbox 470 4385 613 4443; x_wconf 89' lang='lat' dir='ltr'>possessor</span> <span class='ocrx_word' id='word_1_480' title='bbox 630 4370 693 4426; x_wconf 83' lang='lat' dir='ltr'>who</span> <span class='ocrx_word' id='word_1_481' title='bbox 712 4371 783 4428; x_wconf 83' lang='lat' dir='ltr'>hare</span> <span class='ocrx_word' id='word_1_482' title='bbox 797 4389 835 4428; x_wconf 93' lang='lat' dir='ltr'>uo</span> <span class='ocrx_word' id='word_1_483' title='bbox 850 4373 1006 4428; x_wconf 87' lang='lat' dir='ltr'>connexion</span> <span class='ocrx_word' id='word_1_484' title='bbox 1020 4372 1058 4444; x_wconf 91' lang='lat' dir='ltr'>hy</span> <span class='ocrx_word' id='word_1_485' title='bbox 1072 4373 1159 4427; x_wconf 89' lang='lat' dir='ltr'>blood</span> <span class='ocrx_word' id='word_1_486' title='bbox 1173 4373 1241 4430; x_wconf 81' lang='lat' dir='ltr'>with</span> 
     </span>
    </p>
   </div>
   <div class='ocr_carea' id='block_1_19' title="bbox 1024 4452 1137 4534">
    <p class='ocr_par' dir='ltr' id='par_1_20' title="bbox 1024 4452 1137 4534">
     <span class='ocr_line' id='line_1_55' title="bbox 1024 4452 1137 4534; baseline -0.018 0"><span class='ocrx_word' id='word_1_487' title='bbox 1024 4452 1137 4534; x_wconf 63' lang='grc' dir='ltr'>ιιι-2</span> 
     </span>
    </p>
   </div>
   <div class='ocr_carea' id='block_1_20' title="bbox 0 0 1442 4906">
    <p class='ocr_par' dir='ltr' id='par_1_21' title="bbox 0 0 1442 4906">
     <span class='ocr_line' id='line_1_56' title="bbox 0 0 1442 4906; baseline 0 0"><span class='ocrx_word' id='word_1_488' title='bbox 0 0 1442 4906; x_wconf 95' lang='lat' dir='ltr'> </span> 
     </span>
    </p>
   </div>
  </div>
 </body>
</html>
