2866 4906
223 180 286 244 304
471 190 523 247 Dll
546 191 820 256 AOQUISITIONE
844 191 1074 249 ORIGlNARIA

1193 187 1269 261 [Lm.
1282 189 1325 246 11.

222 375 299 431 esse,
324 361 361 420 ut
376 363 529 442 perpetua
544 356 586 423 sit
604 379 642 422 ea
658 357 849 444 conjunctio:
875 379 937 422 non
954 366 1058 422 ιαιιιοιι
1079 377 1117 421 eo
1134 354 1288 420 evincitur
1303 377 1325 421 a

224 451 294 519 Deo
312 454 394 542 ⁰jam
408 464 482 521 tunc
497 455 684 542 imperatum
706 479 746 522 ne
762 457 879 543 quade
896 477 989 521 causa
1011 455 1112 520 foedus
1125 454 1203 520 illud
1224 454 1325 519 solve·

61 568 186 610 narenc-
222 560 320 619 retur.
370 555 415 619 At
433 555 576 621 Christus
593 556 676 642 quod
691 557 778 621 Deus
793 555 986 622 institutione
1003 554 1215 640 conjunxerat,
1232 552 1266 618 id
1281 554 1324 618 ab

222 651 347 718 homine
363 654 505 740 separari
522 655 630 731 vetuit,
649 676 743 719 exeo
760 655 844 740 quod
861 653 1010 740 optimum
1027 652 1160 739 Deoque
1173 651 1324 739 acceptis·

221 750 331 817 simum
346 763 403 830 est,
421 752 633 842 dignissimam
648 753 719 841 lege
735 775 817 819 nova
833 753 996 819 desumens
1012 752 1184 820 materiam.

223 903 226 907 .
293 854 316 916 4
347 851 516 938 Pleraeque
538 862 649 939 gentes
671 861 790 918 certum
810 860 859 917 est
875 851 1046 938 antiquitus
1062 860 1099 917 ut
1118 849 1323 916 divortiorum

221 948 376 1026 libertate,
399 950 445 1015 ita
469 951 605 1038 plurium
621 951 807 1018 feminarum
831 951 975 1039 conjugio
999 972 1079 1016 usas.
1120 951 1225 1038 Prope
1240 950 1324 1015 solos

221 1048 424 1114 barbarorum
440 1051 613 1116 Germanos
630 1049 760 1138 singulis
774 1049 923 1115 uxoribus
937 1058 1098 1115 contentos
1115 1070 1170 1114 suo
1182 1057 1324 1135 tempore

58 1163 191 1250 We
220 1146 314 1213 inisse
330 1147 455 1215 Tacitus
474 1158 640 1227 memorat;
666 1150 760 1236 idque
777 1149 890 1235 passim
907 1148 1075 1214 ostendunt
1096 1147 1234 1213 historia
1255 1157 1322 1213 tum

56 1266 206 1319 οιοιιριι.
219 1248 396 1324 Persarum,
420 1251 505 1314 ¹'tum
526 1248 701 1314 “indorum
743 1248 857 1335 “Apud
876 1246 1051 1336 AEgyptios
1066 1247 1124 1312 soli
1144 1246 1323 1312 sacerdotes

219 1345 310 1413 unius
333 1345 456 1413 feminae
477 1346 618 1436 conjugio
643 1349 820 1413 utebantur.
872 1347 937 1412 Sed
956 1356 989 1412 et
1013 1346 1098 1433 apud
1116 1347 1242 1412 Graecoe
1264 1346 1323 1412 Co·

219 1467 309 1532 crops
334 1446 462 1533 primus,
485 1456 566 1512 teste
589 1447 751 1525 Athenae,
776 1444 853 1529 μίαν
874 1441 920 1513 ἑνὶ
942 1440 1079 1540 ἔζευξεν,
1104 1469 1209 1511 annm
1221 1447 1323 1530 semi·

218 1567 297 1610 aem
321 1548 382 1610 oni
405 1549 527 1611 morito
552 1548 725 1613 attribuit:
751 1545 836 1633 quod
856 1555 960 1612 tamen
983 1567 1024 1611 ne
1046 1545 1179 1612 Athenis
1195 1543 1324 1631 quidem

218 1721 274 1767 olim
292 1736 388 1783 quoque
404 1724 551 1783 sapientibus
572 1724 686 1784 praelatus
706 1724 744 1770 hic

217 1809 277 1844 mos.
296 1797 424 1857 Euripides
434 1800 460 1844 tn
471 1798 641 1845 Andromacho
649 1813 678 1845 ex
688 1812 744 1858 per-

216 1884 276 1917 sone
286 1872 428 1919 Hermiones
441 1873 517 1932 (vers.
526 1876 581 1928 177,
591 1879 613 1920 σι
622 1874 713 1934 coppi:

207 2000 213 2009 Ι
319 1947 366 1989 οὐδὲ
378 1947 418 2000 γὰρ
429 1950 494 1989 καλὸν

219 2048 221 2053 .
241 2012 307 2055 Δνοῖν
317 2013 426 2066 γυναικοῖν
437 2013 493 2065 ἄνδρ’
504 2012 533 2055 ἔν’
545 2012 604 2064 ἡνίας
616 2012 684 2067 ἔχοιν·

240 2080 293 2121 ἈλλΙ
302 2079 331 2124 εἰς
342 2079 395 2131 μίαν
408 2082 521 2130 βλέποντος
533 2080 619 2122 εὐναίαν
632 2083 713 2132 Κύπριν

240 2144 375 2196 Στᾶργονσιν,
388 2141 447 2187 ὅστις
458 2141 487 2194 μὴ
501 2142 568 2188 κακοῖς
580 2142 645 2186 ciseio
657 2145 722 2186 Othro-

330 2234 372 2263 non
380 2224 456 2264 etenim
464 2225 522 2264 decet

237 2288 309 2328 Unum
317 2288 417 2336 imperare
423 2287 592 2336 lominhgemlnis
599 2289 675 2329 virum:

240 2352 353 2390 contentus
360 2360 403 2388 nno
410 2350 501 2398 conjugis
509 2350 563 2389 vivat
570 2352 621 2398 toro,

241 2413 361 2461 Quicunque
369 2412 436 2460 οιιριοι
443 2412 482 2451 rite
489 2415 582 2451 euratm
590 2413 682 2452 domum.

216 2475 250 2523 Et
259 2477 284 2521 ln
295 2476 368 2521 choro
384 2474 457 2535 (vers.
469 2476 522 2532 464,
531 2476 648 2536 nergal:

267 2552 365 2594 Oiiiroc'
377 2551 404 2593 sir
415 2553 446 2600 [Il.
454 2551 567 2598 οὖδίποππΠ
579 2553 655 2603 δίδυμα

266 2618 338 2669 λέκτρ’
350 2618 452 2660 aenea
465 2619 551 2670 ρρωον,

266 2684 314 2725 οὐδ’
327 2684 472 2737 dispitiam
484 2685 565 2735 κὀιῖουῖν

263 2749 324 2798 Ἔριν
336 2753 375 2802 μὲν
387 2751 456 2799 οἶκον,

264 2817 382 2869 Δνσμενιῖς
393 2834 416 2859 τι
428 2819 504 2862 λύπας.

265 2886 308 2937 Τὴν
320 2886 372 2936 μίαν
383 2900 419 2935 μοι
432 2886 534 2937 στεργέτω
547 2886 609 2931 πόσις
621 2886 695 2939 γάμοις

265 2952 408 3002 hornarum
420 2951 482 2993 cirus
494 2952 574 3004 ἀνδρός.

264 3284 307 3326 Καὶ
319 3283 395 3329 στάσις
407 3284 509 3329 πολίταις.

844 1723 956 1764 Τιπτόνοιν
968 1723 986 1763 θ’
997 1721 1097 1772 ὕμνοισιν
1108 1719 1206 1775 ἑργέπαιν
1217 1719 1277 1762 δυοῖν

838 1786 901 1840 ’Βριν
915 1789 1001 1830 Μοῦσαι
1014 1789 1103 1840 φιλοῦσι
1115 1787 1214 1839 κραίνειν.

843 1855 922 1896 nectet
937 1855 954 1895 δ’
967 1854 1018 1896 ὅταν
1029 1856 1111 1909 tipum
1123 1854 1234 1900 ναυτίλους
1247 1854 1296 1895 θοαὶ

844 1922 904 1964 Κατὰ
918 1922 1032 1974 πηδαλὺιιν,

842 1990 925 2040 Aristan
936 1989 1043 2041 πραπίδων
1055 1989 1134 2041 γνιΐιρα.

843 2058 916 2110 lotas
930 2073 953 2098 τι
964 2057 1042 2108 πλῆθος
1057 2056 1132 2109 α’θρόον
1148 2053 1300 2107 adurimur

842 2124 972 2175 Φανλστέρος
983 2124 1057 2175 ὀμνὺς
1069 2122 1208 2173 αὖτθφατοῦς

842 2190 900 2236 Ἔνος
908 2191 922 2231 οἱ
930 2189 1064 2241 temnere
1076 2191 1207 2240 τιμέλιιθρο,

844 2257 905 2300 Karai
915 2273 938 2300 τι
950 2259 1032 2305 πόλιος,

842 2325 933 2368 'Ouum
945 2325 1013 2377 πὺροῖν
1027 2326 1104 2367 eiam
1117 2324 1196 2376 καιρόν.

838 2426 951 2476 Nunquam
959 2426 1039 2475 gannim
1046 2427 1072 2465 de
1079 2427 1145 2465 matre
1153 2435 1223 2473 mus,

838 2489 951 2538 Nunquam
959 2489 1049 2538 duplices
1056 2488 1212 2535 budsbotoros,

838 2553 884 2592 Odli
891 2557 912 2592 ot
919 2553 969 2591 dire
976 2553 1054 2592 semna
1061 2553 1115 2591 riu.

840 2614 909 2654 Unum
916 2615 977 2655 debet
984 2626 1026 2654 non
1035 2615 1124 2662 ambigui

839 2675 876 2713 Vir
883 2677 1001 2725 participem
1008 2688 1066 2717 nosse
1073 2679 1155 2719 cubilis:

838 2737 886 2776 Duo
893 2749 929 2777 nec
938 2739 1014 2777 donnini
1021 2740 1096 2780 rectius
1103 2743 1163 2781 urbes

837 2799 948 2847 Terraeque
955 2805 1034 2848 regunt,
1042 2813 1105 2850 quam
1112 2814 1159 2852 que
1166 2807 1270 2853 neptuim

837 2861 901 2900 Tenet
909 2873 951 2901 unu
959 2873 1032 2902 manus
1040 2878 1044 2903 :
1056 2865 1106 2913 quin
1114 2867 1142 2905 sle
1149 2867 1206 2907 oneri

839 2924 896 2962 Onus
903 2926 980 2964 soeedit
987 2940 991 2964 :
1003 2927 1078 2966 discors
1085 2928 1148 2975 salut

838 2985 912 3024 Rabies
920 2991 981 3034 rupto
988 2987 1055 3028 iodero
1061 2990 1117 3028 cives

837 3047 904 3086 Etiam
912 3049 998 3088 murem
1006 3051 1099 3090 carminis
1107 3052 1161 3092 inter

837 3109 933 3147 Geminos
941 3110 989 3158 lpsae
996 3111 1060 3151 tristis
1067 3114 1152 3153 miscent

836 3171 910 3210 Proella
918 3172 982 3212 λίποι
990 3186 995 3211 :
1007 3185 1094 3223 mumque
1101 3177 1123 3215 ln
1131 3178 1203 3226 pelago

836 3232 890 3271 Vela
900 3234 974 3272 carine
982 3235 1019 3274 lert
1026 3247 1078 3276 nura
1085 3237 1140 3285 levis,

836 3293 886 3332 Plus
893 3305 935 3334 nna
943 3296 1002 3344 valet,
1011 3302 1113 3340 contemtu
1121 3300 1173 3348 lieet,

211 3525 358 3597 together3
379 3526 445 3580 thus
466 3527 571 3598 taking,
590 3528 663 3583 from
684 3529 747 3586 that
764 3533 907 3587 condition
926 3532 1016 3589 which
1039 3536 1063 3589 is
1083 3533 1146 3591 best
1163 3537 1221 3591 and
1239 3543 1316 3595 most

211 3612 358 3683 sgreeablo
370 3617 400 3664 ιο
418 3612 489 3675 (lod,
504 3621 608 3669 matter
622 3623 695 3670 most
709 3617 817 3689 worthy
832 3618 865 3672 oi
876 3619 925 3674 the
939 3637 1001 3674 nen
1015 3621 1076 3675 law.

266 3703 284 3750 4
306 3698 333 3750 Ιι
347 3697 370 3749 is
383 3698 491 3751 certain
505 3698 568 3753 that
585 3702 614 3754 in
632 3704 744 3756 ancient
765 3705 848 3759 times
870 3712 944 3760 most
962 3708 1074 3761 natione
1092 3708 1163 3762 used
1176 3709 1246 3764 both
1264 3710 1315 3766 tho

210 3781 313 3852 liberty
324 3781 357 3835 of
366 3781 477 3836 dirorce
492 3785 548 3838 and
562 3786 621 3840 also
633 3788 767 3859 plurality
778 3791 811 3844 oi
820 3791 910 3845 nives.
946 3792 1059 3846 Tacitus
1072 3795 1178 3848 notices
1189 3795 1253 3850 that
1264 3796 1314 3851 the

211 3868 348 3921 Germane
359 3883 441 3930 were,
459 3869 487 3920 in
502 3869 546 3924 his
560 3872 636 3935 time,
651 3873 752 3928 almost
766 3876 815 3930 the
828 3878 894 3948 only
907 3876 1069 3932 barbarione
1081 3879 1143 3933 who
1158 3897 1231 3936 were
1246 3898 1314 3937 eou-

209 3958 273 4007 tent
283 3951 350 4005 with
362 3952 452 4023 single
464 3955 561 4009 nives:
581 3957 638 4011 and
652 3958 714 4013 that
727 3977 845 4032 appears
857 3963 1015 4034 constantly
1027 3965 1056 4017 in
1071 3965 1121 4019 the
1135 3965 1264 4021 historiae
1282 3968 1316 4022 oi

210 4038 260 4093 the
271 4039 401 4093 Persicus
413 4038 469 4092 aud
485 4039 533 4095 the
545 4041 668 4098 Indians.
697 4045 807 4117 Among
818 4047 868 4102 the
882 4049 1044 4119 Egyptians,
1056 4050 1105 4105 the
1117 4053 1217 4122 priests
1229 4053 1313 4108 alone

209 4124 266 4179 had
285 4125 351 4196 only
365 4141 419 4180 one
434 4125 505 4179 wife.
544 4126 577 4180 In
599 4127 714 4194 Greeoe‚
733 4131 853 4203 Cecrops
867 4151 922 4188 wne
940 4134 989 4189 the
1008 4137 1069 4190 ilrst
1089 4137 1150 4192 who
1168 4154 1238 4208 gave
1258 4154 1313 4195 one

208 4211 272 4267 wife
286 4218 317 4265 to
332 4228 385 4267 one
400 4210 536 4266 husband.
573 4213 637 4267 And
651 4214 676 4267 if
688 4233 742 4287 any
754 4220 868 4289 peoples
882 4219 938 4273 had
951 4238 969 4274 a
980 4238 1058 4276 more
1073 4223 1218 4277 continent
1232 4241 1313 4295 prac-

208 4298 273 4364 tice,
294 4314 325 4352 as
340 4298 388 4354 tho
402 4298 528 4354 Romans
542 4298 644 4370 always
659 4301 805 4359 abstniued
820 4304 895 4360 from
910 4313 965 4361 two
981 4307 1071 4373 nives,
1082 4308 1139 4364 and
1153 4309 1221 4383 long
1237 4309 1314 4367 from
