2866 4906
85 986 177 1025 oretdc

82 1032 178 1117 eeu

246 209 310 272 332
491 215 544 270 ΒΕ
565 212 839 280 ACQUISITIONE
863 211 1094 268 ORIGINARIA
1214 210 1293 280 [Lm.
1306 207 1347 263 112

319 383 424 448 XXV·
471 380 523 448 sic
549 380 601 446 ¹‘in
631 381 737 447 exules
761 379 878 445 nullum
907 379 960 467 jus
987 378 1111 445 ciuitati.
1164 376 1349 442 Heraclides

246 479 342 569 Argis
357 479 447 566 ejecti
469 481 510 546 eb
534 482 722 568 Eurystheo,
743 502 801 567 per
816 488 952 545 tutorem
975 500 1063 543 suum
1086 475 1217 553 loleum,
1237 475 1285 540 sic
1303 476 1348 540 lo-

246 588 384 666 quuntur
397 579 481 666 apud
495 579 675 666 Euripidem
693 580 877 663 (Heraclid.
896 599 976 643 vere.
996 579 1094 661 186):

463 700 525 763 Quo
536 700 600 769 jure
608 701 668 770 jem
682 716 733 753 nee
747 699 784 753 ad
798 699 955 769 Mycenoeee
969 695 1072 761 trehet,

459 786 567 840 Eadem
581 792 695 856 agentes
707 785 777 840 urbe
791 800 861 855 quos
874 784 945 839 urbe
959 782 1086 855 expulit?

459 871 489 925 N
491 887 545 926 unc
559 887 626 942 ergo
638 871 711 926 cives
726 887 782 926 nen
795 887 898 926 sumus.

244 968 414 1036 Alcibiadis
436 969 518 1034 filius
546 967 577 1033 iu
605 969 761 1034 leecretee
786 966 925 1032 oratioue
958 988 1055 1056 egeus
1081 965 1122 1032 de
1150 965 1347 1054 temporibus

246 1068 337 1154 ejecti
365 1067 482 1154 petris:
506 1063 556 1136 ὅτ’
583 1059 674 1135 οὖδέν
698 1063 790 1156 αὐτῷ
812 1069 871 1146 τῆς
895 1062 1020 1139 πόλεως
1046 1068 1225 1157 προσῆκον·
1251 1069 1346 1133 ⁰cum

245 1169 333 1233 nibil
348 1169 504 1233 edilium
520 1169 639 1233 civitae
654 1179 767 1232 nestra
782 1170 968 1252 pertineret.
1020 1164 1096 1231 Jam
1116 1187 1191 1230 vere
1208 1165 1346 1252 plurium

191 1299 193 1303 ¹
224 1294 226 1298 ·
246 1266 440 1353 populorum,
463 1266 528 1331 sive
549 1288 662 1353 perse,
684 1265 751 1331 sive
772 1286 830 1352 per
850 1264 953 1351 capite
968 1286 1025 1330 sua
1040 1264 1223 1329 consociatio
1240 1265 1347 1329 foedus

247 1375 304 1441 eet,
320 1365 361 1431 de
376 1365 461 1452 cujus
476 1374 589 1431 nature
605 1375 638 1431 et
653 1365 763 1430 effectu
779 1363 863 1430 locus
881 1363 996 1452 egendi
1010 1363 1080 1441 erit,
1097 1362 1152 1428 ubi
1167 1364 1209 1430 ad
1224 1363 1347 1453 obliga·

247 1463 360 1530 tionem
378 1473 523 1551 expecto
539 1464 600 1529 erit
615 1463 793 1532 deventum.

315 1563 437 1629 XXVI.
488 1562 645 1649 Subjectio
662 1585 703 1629 ex
719 1584 877 1640 censensu,
901 1572 957 1628 eut
973 1562 1098 1650 privetu
1119 1570 1177 1638 est,
1194 1570 1251 1628 eut
1266 1563 1347 1649 puh-

246 1661 314 1730 lice.
356 1661 512 1748 Subjectic
529 1663 651 1749 privata
665 1683 705 1727 ex
721 1683 868 1727 consensu
881 1682 948 1727 esee
963 1670 1067 1749 potest
1079 1661 1251 1749 multiplex,
1265 1661 1347 1727 sicut

246 1759 426 1846 multiplicia
450 1770 523 1825 sunt
547 1760 730 1848 regiminum
759 1782 884 1849 genera.
934 1760 1131 1826 Nobilissime
1151 1760 1275 1847 specics
1296 1768 1346 1825 eet

247 1858 415 1947 arrogetio,
439 1880 502 1946 qua
518 1859 586 1946 quis
602 1859 741 1945 suijuris
757 1882 791 1925 se
807 1859 852 1925 ite
867 1860 923 1925 dat
938 1859 971 1924 iu
987 1859 1133 1925 fnmiliem
1149 1859 1291 1936 ulterius,
1309 1869 1347 1925 ut

247 1957 278 2023 ei
299 1958 398 2024 subsit
422 1957 464 2023 ed
487 1981 557 2024 eum
578 1959 712 2035 modum,
738 1980 799 2044 quo
825 1958 905 2024 iilius
927 1958 981 2044 qui
1004 1967 1135 2023 mcturae
1159 1967 1209 2024 est
1228 1959 1344 2037 etatis,

246 2057 353 2125 subest
371 2057 463 2143 petri.
513 2059 609 2124 Peter
629 2068 733 2124 autem
755 2057 849 2123 filium
869 2079 958 2123 suum
980 2079 1017 2122 eo
1040 2057 1132 2122 mode
1153 2057 1230 2122 dere
1251 2057 1347 2124 elteri

170 2188 174 2196 ·
248 2178 311 2221 non
335 2166 447 2243 potest,
472 2166 509 2223 ut
528 2157 581 2244 jus
606 2168 770 2244 paternum
789 2156 880 2244 plene
901 2155 933 2220 iu
956 2178 1028 2221 eum
1045 2165 1194 2232 treuseet,
1217 2165 1251 2221 et
1276 2156 1346 2244 ipse

248 2265 379 2344 paterne
404 2256 501 2320 officie
526 2257 722 2322 exsolvetur:
752 2255 785 2320 id
814 2255 894 2320 euim
930 2265 1045 2321 netura
1071 2277 1133 2319 nou
1166 2254 1258 2322 sinit:
1287 2256 1345 2322 sed

248 2362 352 2443 petest
367 2354 462 2420 filium
478 2355 569 2421 alteri
586 2356 809 2434 commendere,
827 2365 860 2420 et
875 2352 1020 2420 olendum
1036 2355 1112 2420 dere
1129 2353 1217 2441 quusi
1231 2355 1347 2421 substi-

248 2453 456 2620 tuenlltllvll.
504 2557 523 2619 1
559 2554 764 2642 subjectionis
794 2553 910 2641 species
940 2553 1162 2642 ignobilissime
1193 2562 1253 2631 cet,
1282 2575 1348 2640 que

292 2727 437 2774 ”lucceia
445 2727 581 2785 nnllnmjec
590 2726 694 2788 ciminii]
707 2728 770 2775 Vide
819 2726 907 2782 dictur,
929 2727 971 2786 qui
993 2741 1048 2773 suec
1070 2726 1117 2772 cibi
1138 2725 1216 2773 hostes
1237 2729 1347 2775 temnit.

248 2804 311 2849 inira
319 2804 429 2849 librom.
440 2803 478 2849 tit.
489 2818 527 2849 mn
538 2803 553 2862 ᾖ
564 2806 601 2849 41.
819 2802 893 2862 (Cep.
905 2804 954 2860 10).

291 2887 303 2911 ⁰
319 2877 378 2924 cum
391 2879 453 2923 nihil
467 2878 581 2923 edilium
596 2879 771 2925 cicitesnestra
863 2877 933 2923 1³13ae
953 2882 1087 2924 contractus
1096 2877 1208 2938 semele
1224 2878 1345 2939 remim]

243 2953 382 3013 pertineret]
399 2954 495 2998 Nicetes
509 2953 584 2998 Isesei
595 2954 684 3012 Angeli
699 2955 770 2999 rebus
820 2952 944 3012 AEgyptiis
973 2954 998 2998 id
1020 2955 1075 2999 olim
1099 2955 1209 3000 vetitum.
1240 2955 1347 3001 Athenis

247 3028 309 3072 libro
330 3040 347 3072 1.
363 3026 397 3084 μή
415 3026 499 3072 καινὸν
519 3028 541 3071 ei
562 3025 642 3085 διφᾳῖη
665 3044 706 3072 τις
724 3026 771 3072 τὸν
819 3027 960 3085 permissum
970 3028 1000 3073 ud
1012 3028 1105 3074 Solonis
1114 3033 1236 3088 tempere:
1251 3030 1272 3074 is
1286 3044 1347 3076 ceu·

247 3101 389 3148 ᾰντίπαλον
406 3101 448 3146 καὶ
464 3101 610 3146 notamine
626 3102 657 3146 nis
675 3102 771 3160 φίλιον,
819 3101 899 3147 secuit
909 3101 951 3147 int
963 3102 1061 3159 σώμασι
1072 3101 1105 3159 μή
1115 3103 1279 3162 δανείζεσθαι,
1290 3119 1346 3152 cor·

247 3176 294 3221 τὸν
313 3177 404 3222 otreio»
419 3175 538 3232 εὑρίσκων
558 3175 694 3234 πολέμιον·
714 3175 770 3221 Neu
816 3188 918 3234 pmpre
928 3175 1016 3221 moneo
1026 3190 1054 3221 ne
1069 3176 1222 3235 obliqaretur.
1248 3179 1347 3226 Plutar-

247 3251 332 3297 mirum
346 3251 369 3296 ci
377 3251 431 3311 quie
441 3251 526 3296 hesim
536 3251 624 3296 ambiat
630 3251 697 3310 eique
703 3251 770 3296 blan·
820 3252 880 3297 chus
886 3251 977 3298 Selene.
988 3252 1057 3311 (pag.
1068 3252 1099 3300 86
1109 3253 1149 3312 u.)
1164 3254 1232 3300 Idem
1243 3255 1283 3302 lex
1297 3257 1346 3301 Ps-

304 3497 398 3550 XXV.
436 3496 498 3551 The
511 3497 590 3551 State
601 3497 652 3552 hes
663 3514 700 3552 no
715 3498 858 3569 authority
869 3513 937 3553 ever
951 3499 1044 3553 exiles.
1084 3499 1122 3553 Se
1133 3515 1183 3571 say
1193 3497 1243 3554 the
1255 3499 1347 3554 Here·

246 3581 327 3635 clidee
337 3583 366 3634 in
381 3582 543 3652 Euripidem
558 3600 589 3637 se
604 3583 652 3638 the
664 3600 715 3637 sen
727 3584 760 3637 of
767 3584 926 3638 Alcibiades
938 3584 968 3636 iu
980 3584 1125 3639 Isocrates.

304 3665 365 3719 The
377 3668 541 3721 associetien
554 3669 588 3722 oi
594 3669 699 3722 several
710 3669 832 3739 pceples,
845 3669 935 3723 either
946 3668 984 3740 by
995 3668 1163 3725 themselves
1174 3686 1207 3724 or
1220 3670 1259 3742 by
1269 3669 1347 3726 their

246 3748 342 3813 heade,
353 3751 376 3803 is
388 3767 406 3804 c
417 3752 543 3821 hcegue:
554 3754 610 3807 ond
619 3770 663 3808 we
674 3753 746 3808 shall
757 3753 900 3809 hercuitcr
910 3760 985 3810 treet
996 3755 1030 3808 ef
1038 3755 1115 3820 such,
1126 3756 1256 3811 wheune
1264 3772 1346 3811 come

247 3842 278 3889 ιο
291 3835 456 3904 obligations
468 3838 505 3908 by
517 3846 654 3909 compact.

304 3920 413 3973 XXVI.
443 3919 530 3987 [Next
541 3923 573 3976 of
584 3925 746 3994 SubJection
760 3925 798 3995 by
810 3926 941 3990 Oeneeut,
953 3942 983 3979 es
995 3942 1013 3980 a
1023 3925 1092 3980 kind
1105 3926 1138 3981 ei
1146 3924 1345 3994 desociationJ

300 4004 462 4074 Subjcctieu
476 4007 514 4078 by
529 4017 644 4063 censent
662 4010 685 4063 ie
699 4011 789 4065 either
800 4013 908 4082 prii-ete
923 4028 956 4066 or
969 4013 1072 4083 public.
1108 4013 1222 4067 Prirete
1236 4013 1345 4082 subjec-

247 4092 308 4146 tion
322 4091 359 4161 by
370 4098 486 4146 consent
500 4110 564 4164 mu)-
577 4094 613 4148 be
625 4096 768 4160 nieuiiold,
782 4097 904 4151 aethere
915 4114 963 4151 ere
975 4115 1060 4170 many
1069 4099 1151 4153 kinds
1166 4099 1199 4152 ef
1210 4092 1343 4169 [private]

247 4184 439 4247 goremment.
475 4178 536 4233 'ibe
550 4179 660 4235 neblest
672 4184 778 4252 species
790 4182 823 4236 of
831 4182 885 4236 this
899 4183 921 4235 ie
933 4184 1089 4254 Arreyetio,
1099 4184 1137 4256 by
1149 4184 1238 4238 which
1249 4200 1267 4236 e
1278 4199 1346 4254 per·

247 4279 299 4318 seu
309 4263 371 4317 who
383 4264 406 4317 ie
420 4263 464 4318 his
475 4281 537 4319 unu
550 4271 661 4330 mester,
675 4268 751 4337 gives
762 4267 877 4322 himself
888 4269 948 4322 inte
961 4269 1010 4323 the
1018 4270 1116 4342 family
1129 4270 1163 4325 oi
1173 4268 1300 4332 another,
1313 4275 1344 4322 te

247 4349 284 4404 he
294 4349 403 4419 subject
414 4356 445 4404 to
456 4350 523 4417 him,
535 4352 564 4405 in
572 4350 620 4406 the
631 4368 707 4408 eume
721 4369 838 4408 manner
849 4353 913 4408 that
927 4370 944 4408 e
955 4371 1007 4409 eon
1018 4356 1051 4411 ei
1059 4363 1168 4411 mature
1180 4371 1231 4425 ege
1242 4354 1266 4409 is
1277 4353 1346 4409 sub·
