2866 4906
253 180 319 245 368
500 190 553 245 DE
575 188 852 255 AOQUISITIONE
874 189 1123 256 DERIVATIVA,
1232 193 1309 262 [Lm.
1320 192 1361 251 11

89 392 232 444 casium»
254 372 394 438 functum
411 367 547 459 attingit.
595 368 646 435 Sic
669 368 767 434 Isaeus
789 369 872 456 apud
892 370 1019 436 Graeeos
1035 380 1196 458 receptum
1214 371 1271 450 ait,
1290 375 1360 447 τοῖς

253 467 443 567 ἐγγυτάτω
466 465 583 559 *γένους
609 497 656 535 τα
681 497 743 535 του
726 465 1028 547 τελευτήσαντος
1049 466 1283 560 γενησεσθαι,
1300 475 1358 539 de·

240 574 359 656 faceti
383 572 467 636 boae
491 572 523 634 ei
545 570 654 634 cedere
678 570 869 653 quiescere
890 572 1150 655 sitprceimaa:
1184 571 1297 638 addit:
1321 575 1360 641 ci

250 664 302 748 (iv,
328 699 363 737 τι
357 661 648 760 ’δικαιότεροι
628 698 648 749 η
676 669 747 739 τοῖς
772 664 959 756 συγγενέσι
985 698 1030 736 τα
1060 672 1123 737 τοῦ
1148 674 1357 761 σογγενοῦςς

250 772 331 854 qaid
340 770 464 853 facetius
481 790 581 855 quam
596 777 634 831 ιιι
659 789 731 851 qua
747 770 1029 852 coenatisueraat
1045 773 1195 855 coenatis
1210 772 1359 837 cedunt?

251 868 341 934 Idem
374 889 482 932 sensus
515 875 564 933 est
600 865 685 951 apud
725 865 924 931 Aristotelem
958 867 1030 932 libri
1063 869 1105 933 ad
1139 869 1358 936 Alexandrum

87 1010 204 1062 mm
249 967 352 1053 capite
366 988 400 1033 ιι.
456 968 594 1052 Optime,
616 963 718 1051 inquit
735 964 854 1041 Cicero,
872 969 1009 1032 societas
1025 969 1191 1033 immicum
1207 971 1359 1054 conjuac-

86 440 178 487 413,41”.

250 1070 356 1153 tioqae
372 1067 566 1142 servabitur,
583 1067 624 1140 si,
641 1076 678 1129 ιιι
698 1066 832 1150 quisque
853 1067 917 1130 erit
938 1066 1228 1150 conjunctissimus,
1247 1071 1301 1134 ita
1319 1072 1359 1135 ia

248 1189 320 1233 eum
346 1167 557 1279 beaiqaitatis
575 1165 758 1250 plurimum
781 1165 979 1250 conferatur.
1028 1165 1113 1243 uQui
1137 1176 1171 1231 et
1192 1167 1269 1233 alibi
1285 1179 1358 1255 post

247 1265 363 1330 liberos
387 1264 475 1351 ponit
461 1264 580 1329 tbene
603 1262 821 1329 convenientes
846 1263 1046 1349 propinquos,
1078 1272 1113 1330 ut
1144 1274 1178 1331 et
1203 1266 1355 1335 Tacitus·

82 1383 208 1468 rearis
248 1366 385 1431 Liberos
410 1366 525 1450 cuique
546 1385 588 1429 ao
607 1364 809 1448 propinquos
832 1383 907 1427 suos
931 1375 1058 1429 actara
1082 1366 1275 1432 οανίιιίιιιοι
1290 1389 1357 1435 esse

82 1430 141 1537 iiia.
149 1486 204 1534 su.
247 1465 360 1531 eoi-uit.
411 1464 502 1529 Idem
532 1462 641 1528 Cicero
669 1460 743 1527 alibi
772 1461 812 1526 de
841 1460 982 1549 cognatis
1009 1483 1127 1551 agens.
1151 1467 1357 1533 Necessaria

243 1566 409 1649 prasidio
424 1565 501 1628 vita
525 1563 680 1627 debentur
702 1562 755 1626 his
779 1562 928 1625 mameae.
975 1560 1140 1628 Debentur
1155 1563 1276 1630 scilieet
1290 1587 1356 1631 non

248 1683 288 1727 ex
300 1662 375 1748 jure
389 1661 571 1747 expleterio,
584 1659 641 1726 sed
652 1688 718 1727 κατ
718 1654 845 1747 ἀξίαν.
892 1660 936 1725 Ει
947 1659 1031 1738 alibi,
1048 1682 1120 1726 cum
1132 1662 1173 1728 de
1188 1663 1357 1731 affectione

83 1780 235 1822 ararum.
247 1781 327 1849 erga
345 1760 535 1847 propinquos
552 1758 676 1846 egisset,
690 1761 748 1823 Ee
759 1761 824 1824 ltac
839 1761 1025 1824 animorum
1040 1763 1218 1845 affectiosa,
1234 1764 1354 1842 subdit,

82 1878 235 1929 Mecale-
248 1872 439 1927 testamenta
455 1860 803 1944 commendationesque
818 1860 1024 1924 morientium
1035 1872 1124 1927 acta
1139 1873 1224 1928 suat.
1262 1861 1354 1928 Idem

246 1959 350 2047 copias
370 1968 493 2025 nostras
508 1957 657 2045 proximis
674 1978 767 2043 quam
783 1956 892 2021 alienis
909 1966 942 2023 et
957 1958 1149 2044 suppeditari
1167 1970 1201 2026 et
1216 1961 1354 2049 relinqui

83 2064 200 2115 ΨΜ
244 2059 364 2145 aequius
389 2080 457 2124 esse
485 2057 539 2124 ait.
581 2055 769 2122 Ambrosius
791 2077 932 2142 quoque:
969 2059 1033 2122 Est
1059 2061 1159 2125 etiam
1184 2061 1250 2126 iila
1269 2084 1355 2147 pro-

246 2160 358 2224 banda
376 2160 570 2233 liberalitas,
588 2160 646 2221 ²¹et
664 2158 833 2241 proximos
848 2156 980 2221 seminia
998 2159 1047 2222 tui
1063 2180 1127 2224 uon
1140 2160 1319 2244 despicias.

319 2260 341 2322 2
375 2257 532 2323 Successio
564 2264 668 2322 autem
695 2256 736 2320 ab
765 2253 922 2330 intestato,
950 2254 991 2320 de
1017 2276 1080 2341 qua
1108 2258 1240 2345 agimus,
1269 2260 1353 2329 nihil

242 2356 327 2425 aliud
344 2366 392 2423 est
407 2378 499 2443 quam
517 2355 646 2422 tacitum
671 2361 890 2420 testamentum
916 2376 955 2418 ex
973 2354 1141 2421 voluntatis
1158 2357 1350 2444 conjectura.

80 2470 185 2513 mam
244 2456 453 2535 Quintilianus
477 2466 570 2543 pater
595 2454 629 2520 in
651 2452 893 2519 declamatione:
920 2456 1110 2520 Proaimam
1127 2456 1231 2523 Ιοοιιιιι
1247 2481 1272 2525 a
1288 2472 1352 2527 tce·

241 2615 308 2676 μετὰ
309 2617 397 2736 vom
399 2615 541 2735 ςῖιμῆωὲκ
633 2616 686 2660 τῶν
702 2630 769 2733 t<moy
816 2611 966 2673 Auqastino:
982 2615 1212 2677 Justusaetoequum
1222 2620 1347 2668 antide-

241 2706 307 2748 γινω
309 2689 421 2748 ννέμουσ
526 2688 609 2743 cirria
542 2633 671 2747 αστιῒιρΓ
662 2693 714 2733 sies·
715 2705 768 2734 νουι
817 2686 1348 2754 1οι,ιιιαιιιονιιιονιιιιιοι1]ἲὶι“ἰι,οι1ρανοιι-

241 2707 767 2823 ἑγγύτιιιτηιυιιοφι1ίνῃ·ί1ινααιιιειιιρνοριιι
816 2765 865 2808 uba
851 2765 932 2821 aare!
945 2767 1057 2828 affinibus
1071 2770 1347 2829 maqispastdemar,

241 2852 317 2896 quoru
319 2853 340 2882 m
355 2852 485 2884 marram
495 2852 563 2883 auum
573 2852 615 2883 acc
617 2839 673 2896 ipiet
683 2852 699 2882 a
705 2852 767 2896 pro-
816 2838 962 2885 hereditates
977 2841 1075 2897 scilicet,
1091 2842 1121 2888 de
1136 2843 1224 2902 quibus
1238 2844 1271 2890 ibi
1284 2848 1346 2907 agit.

236 2912 373 2970 piaquitaie
396 2911 512 2966 scarsali,
530 2915 556 2955 at
575 2916 631 2968 post
656 2916 767 2968 parentes
815 2914 1088 2977 (Οιρ.24.1·ἰ“ι.Αιι9.)

240 2988 330 3028 tuntum
354 2989 505 3042 occursionem
529 2984 612 3042 cuique
636 2984 767 3042 deseratur,
859 2997 871 3021 ι
888 2990 939 3049 Qui
957 2996 980 3036 et
998 2990 1070 3053 alibi]
1095 2992 1153 3040 Duo
1173 2993 1226 3040 hnc
1245 2994 1300 3041 loen
1314 3010 1345 3043 ex

239 3062 351 3117 quantum
365 3058 399 3102 ud
408 3061 521 3116 permees
529 3058 700 3116 propinquitas
714 3060 766 3105 eri·
817 3062 933 3110 Cicerone
949 3068 1069 3125 posterius
1088 3069 1215 3128 producta,
1236 3076 1295 3116 sunt
1313 3086 1344 3118 ex

238 3133 282 3193 qit.
314 3132 355 3192 [ln
365 3136 448 3178 Aurea
463 3131 543 3177 Carra.
556 3132 765 3192 Petraeam.
815 3139 899 3184 eodem
910 3140 972 3186 libro
980 3142 1110 3188 officiorum
1119 3144 1205 3203 primo.
1221 3144 1254 3203 (c.
1265 3146 1313 3203 17).

238 3221 296 3268 pag.
302 3208 340 3265 46,
349 3209 386 3255 48.
392 3206 441 3255 Ed.
451 3206 584 3267 Needhum]
604 3207 727 3256 Possidius
736 3211 766 3257 de
859 3222 872 3246 ¹
890 3218 922 3264 Ut
928 3220 1053 3277 proximus
1062 3220 1157 3266 seminia
1165 3221 1202 3267 tui
1208 3235 1255 3267 aea
1265 3222 1345 3283 despi-

238 3415 313 3466 most
326 3410 395 3465 deur
413 3417 443 3465 to
458 3410 507 3465 the
522 3410 672 3467 deceased:
691 3415 748 3468 and
764 3415 857 3472 thiais
872 3418 910 3474 ho
927 3420 990 3474 who
1004 3436 1098 3475 comes
1115 3426 1228 3476 nearest
1245 3426 1278 3477 to
1291 3420 1344 3479 the

238 3497 374 3551 deceased
392 3498 422 3550 in
436 3496 486 3551 the
503 3497 607 3567 degree
621 3498 654 3552 oi
673 3500 864 3574 relationship.
902 3506 940 3559 So
958 3506 1053 3570 isaeus,
1070 3507 1213 3571 Aristode,
1232 3508 1343 3573 Cicero,

238 3583 360 3643 Tacitus,
375 3581 520 3636 Ambroso.
544 3582 624 3649 [This
635 3584 764 3641 however
776 3588 799 3642 is
811 3606 829 3642 a
840 3591 931 3644 moral
943 3591 1034 3656 claim,
1049 3599 1099 3646 not
1114 3609 1132 3646 a
1142 3593 1217 3662 jural
1230 3591 1340 3661 claim]

290 3673 306 3719 2
329 3667 390 3719 Tho
405 3669 562 3722 suecessiou
577 3680 607 3724 ιο
622 3671 754 3726 intestate
771 3682 913 3746 property,
927 3677 960 3730 of
970 3677 1060 3732 which
1072 3695 1112 3732 we
1124 3678 1192 3732 hero
1207 3680 1303 3750 spesi,
1315 3680 1341 3734 is

236 3750 356 3821 nothing
370 3751 423 3804 but
444 3769 462 3806 a
482 3755 552 3807 tacit
574 3760 726 3811 testament
747 3760 830 3815 mado
848 3769 899 3815 out
920 3764 958 3834 by
976 3765 1137 3833 conjectare
1158 3764 1192 3818 oi
1209 3763 1259 3818 the
1280 3764 1341 3820 late

237 3836 351 3890 owners
373 3836 438 3890 will
477 3839 515 3892 So
536 3840 701 3902 Quintilian.
737 3844 802 3900 And
817 3846 891 3901 what
912 3865 955 3903 we
976 3849 1048 3903 haro
1068 3850 1129 3904 said
1151 3849 1185 3904 oi
1202 3858 1341 3923 property

237 3922 329 3992 neuly
340 3922 480 3991 aequired,
490 3924 547 3978 will
557 3924 625 3979 hold
637 3928 696 3982 also
707 3929 741 3983 of
752 3931 893 3987 inherited
904 3944 1048 4006 property,
1059 3936 1085 3989 ii
1092 3934 1204 3990 neither
1215 3935 1265 3991 the
1274 3954 1340 4009 per-

236 4024 301 4062 sons
315 4008 390 4062 irem
402 4007 511 4062 whom
503 4017 526 4063 ιι
538 4026 618 4066 came
631 4030 684 4068 nor
698 4014 773 4070 their
785 4017 911 4073 children
923 4038 972 4075 are
986 4028 1092 4076 eatam.

293 4094 346 4149 XI
386 4100 399 4148 1
426 4092 487 4148 The
498 4095 572 4149 rulos
581 4096 671 4152 which
682 4118 724 4155 we
732 4101 838 4157 haro
811 4121 902 4174 green
912 4105 1019 4177 though
1031 4113 1105 4162 most
1115 4112 1340 4164 consentaneons

234 4187 265 4236 to
277 4181 388 4236 natural
397 4181 566 4250 conjecture
576 4198 632 4246 aro,
642 4184 778 4253 however,
790 4196 841 4245 not
852 4206 998 4264 necessary
1007 4194 1175 4266 byhatural
1186 4196 1269 4259 Ιιιιις
1281 4195 1340 4250 and

233 4267 376 4322 therefore
395 4267 432 4338 by
450 4267 581 4322 different
598 4286 703 4335 causes,
725 4276 838 4348 mering
856 4277 905 4333 tho
922 4277 1028 4333 human
1046 4281 1109 4344 will,
1128 4280 1197 4353 they
1212 4297 1283 4353 vary
1300 4282 1341 4354 by

233 4360 384 4425 compacte,
401 4354 476 4421 laus,
491 4360 621 4413 customs.
660 4358 782 4417 These
773 4380 803 4416 ιιι
820 4380 899 4422 some
916 4381 993 4422 ceses
1010 4366 1092 4422 allow
1108 4382 1164 4425 one
1180 4383 1285 4441 person
1307 4374 1352 4425 tc.
