2866 4906
241 171 304 235 146
529 179 646 235 unum
665 178 848 236 ruarmo
869 180 1038 236 Dounax.
1226 172 1300 257 [nn.
1313 182 1338 241 1.

309 347 331 410 2
365 345 471 423 Quare
486 342 554 410 hec
569 365 621 410 res
637 344 744 410 similis
760 351 808 411 cst
824 345 1025 421 testamentis,
1052 343 1162 431 quibus
1182 345 1339 433 adjectum

238 450 295 520 est,
319 464 359 509 ne
382 442 536 529 posterius
556 451 776 510 testamentum
793 443 915 511 valeat:
940 465 1013 509 nam
1026 444 1094 511 haec
1116 466 1239 531 quoque
1256 446 1340 512 olau-

238 542 306 608 sula
327 542 429 621 efficit,
456 542 509 608 ¹ut
525 541 678 629 posterius
702 550 919 612 ammentum
942 563 1004 608 non
1029 565 1070 609 ex
1085 565 1162 610 vera
1178 544 1340 613 voluntate

237 639 411 729 profectum
434 650 652 728 praesumatur.
704 641 769 708 Sed
793 641 873 707 dont
897 641 965 708 haec
986 641 1132 719 clausula,
1157 641 1203 708 ita
1227 651 1261 710 et
1285 644 1340 712 illa

237 739 324 827 regis
341 739 431 825 jussu
451 759 599 827 expresso
623 761 661 806 ac
684 739 810 829 speciali
834 742 1014 827 posterioris
1030 740 1197 808 voluntatis
1222 743 1339 832 signifi-

238 838 359 904 catione
373 838 441 904 tolli
458 846 569 925 potest

37 959 39 964 ·
71 946 208 1043 23¹2ss
315 938 406 1003 XIX.
459 937 524 1003 Sed
548 959 651 1024 neque
676 936 801 1024 Polybii
825 937 876 1003 hio
900 945 973 1004 utor
998 937 1193 1016 auctoritate,
1219 938 1274 1026 qui
1295 941 1338 1007 ad

223 1035 371 1104 ,mixtum
390 1057 489 1125 genus
505 1035 682 1124 reipublice
702 1034 802 1103 refert
818 1037 990 1102 Romanam
1011 1037 1242 1125 rempublicam,
1264 1059 1338 1126 quae

237 1135 291 1201 illo
306 1143 457 1222 tempore,
483 1134 510 1200 si
526 1157 589 1201 non
604 1135 741 1203 annones
763 1134 855 1222 ipsas,
878 1135 935 1200 sed
946 1136 1000 1221 jus
1015 1136 1131 1224 agendi
1145 1136 1335 1225 respicimus,

237 1255 324 1300 mere
340 1234 399 1300 suit
414 1232 589 1322 popularis:
616 1256 690 1301 nam
706 1241 739 1300 et
757 1234 890 1300 Senatus
904 1234 1082 1312 auotoritas,
1106 1255 1199 1324 quam
1219 1236 1261 1301 ad
1281 1258 1337 1323 op-
1365 1227 1367 1231 ’

237 1333 380 1400 timatum
404 1333 544 1422 regimen
560 1334 668 1411 refert,
690 1339 723 1399 ot
739 1333 909 1411 consulum,
929 1354 1006 1419 quos
1026 1333 1114 1420 quasi
1133 1355 1226 1422 reges
1242 1334 1337 1402 fuisse

237 1432 314 1512 vult,
332 1432 457 1499 subdita
474 1439 544 1499 erat
558 1433 680 1519 populo.
733 1431 821 1497 Idem
843 1432 884 1498 de
905 1432 1036 1498 aliorum
1058 1431 1183 1520 politica
1201 1432 1338 1499 scriben-

235 1530 314 1598 tium
338 1530 498 1598 sententiis
523 1531 639 1597 dictum
661 1530 740 1606 volo,
761 1531 815 1617 qui
839 1529 939 1618 megia
964 1539 1125 1597 externam
1147 1532 1281 1618 speciem
1303 1542 1337 1599 et

235 1629 445 1715 quotidianam
459 1628 767 1707 administrationem,
789 1651 883 1716 quam
895 1628 948 1716 jus
963 1629 1065 1717 ipsum
1081 1630 1195 1696 summi
1212 1630 1335 1717 imperii

235 1736 376 1815 spectare
390 1749 564 1817 congruens
581 1729 698 1794 ducunt
713 1749 769 1794 sno
786 1727 937 1796 instituto.

72 1839 133 1880 nra
141 1839 210 1879 Μ
310 1828 385 1892 XX.
429 1830 447 1893 1
483 1826 587 1915 Magis
602 1827 644 1892 ad
659 1848 725 1891 rom
741 1826 878 1914 pertinet
893 1826 978 1915 quod
1001 1826 1185 1894 Aristoteles
1201 1828 1334 1916 scripsit,

233 1923 469 2014 interregnum
491 1925 626 2012 plenum,
646 1925 729 2012 quod
755 1923 1002 2013 παμβασιλείαν
1019 1933 1118 2003 vocat,
1142 1927 1264 2011 (eadem
1288 1938 1335 1995 est

70 2032 220 2120 {mim
234 2021 425 2106 ”caereale
449 2026 621 2119 μοναρχία,
650 2024 796 2112 Sophocli
819 2028 991 2111 Antipatro,
1023 2025 1195 2092 Plutarcho
1216 2022 1336 2096 ‘udro-

67 2125 201 2211 ssssm·
233 2119 356 2215 κρατῆς
381 2121 543 2210 βασιλεία
566 2121 620 2192 rol
646 2118 874 2201 α’νυπεῦθννος,
903 2124 1051 2190 Straboni
1081 2121 1213 2213 ἐξουσία
1234 2121 1334 2195 αὑτο-

66 2217 210 2312 i'fflffil'
233 2220 348 2308 τελῆς)
369 2231 402 2289 et
421 2244 554 2312 regnum
571 2222 765 2301 laconicum,
789 2223 842 2310 qui
863 2245 968 2289 merus
987 2232 1036 2289 est
1051 2225 1252 2313 principatus,
1278 2226 1334 2291 ali-

276 2400 357 2448 1Ηοο
374 2401 485 2463 equldem
503 2400 558 2449 Jurl
578 2399 689 2447 Romano
709 2411 758 2445 non
807 2399 868 2446 tus:
885 2400 940 2446 οὐδὲ
955 2398 1008 2460 γᾶρ
1020 2399 1044 2447 ol
1057 2401 1244 2462 Λακεδαιμόνιοι
1258 2403 1335 2448 αὖτο-

232 2476 352 2537 congruit,
363 2489 507 2536 quemqnam
523 2475 548 2520 in
564 2473 627 2520 Foro
642 2474 758 2521 obtineat.
807 2472 928 2532 spdropaer
947 2471 1025 2529 ἦσαν·
1040 2486 1112 2533 neque
1134 2474 1195 2520 enisa
1219 2474 1333 2521 Laoedoe·

231 2549 294 2595 Vide
302 2550 446 2605 Cossorum,
458 2548 553 2594 Obsern.
564 2559 620 2592 xsv.
631 2547 644 2594 7
658 2551 684 2593 et
694 2548 758 2594 Vns·
806 2547 1165 2608 miiplenojsrcoepeserant.
1181 2546 1330 2608 (ruerem

231 2637 298 2669 nrum
314 2624 339 2668 in
353 2624 431 2669 Imtit.
442 2623 492 2669 Tit.
506 2622 597 2681 Quibus
608 2623 683 2667 modio
697 2623 756 2669 Tert.
807 2622 861 2670 Lib.
872 2635 902 2670 11.
913 2636 934 2668 o.
945 2623 991 2681 14).

231 2699 389 2758 defirmantar,
404 2699 418 2758 ἓ
432 2701 455 2746 2.
486 2698 532 2744 Sed
547 2702 643 2758 recepta
653 2698 695 2743 illa
703 2712 757 2744 sen·
851 2696 967 2756 tQaaler
986 2696 1101 2743 latebunt
1121 2695 1204 2757 uicini]
1225 2697 1332 2747 Putabat

230 2774 315 2831 tentia,
326 2787 398 2833 qnam
409 2773 503 2819 Auctor
513 2774 654 2820 nosterheic
664 2774 757 2832 probat,
807 2771 921 2832 populus,
938 2775 966 2817 ut
979 2769 998 2817 J
999 2771 1082 2831 osephi
1097 2772 1175 2818 verbis
1190 2774 1332 2830 sitanstetin

230 2854 256 2895 et
270 2849 301 2894 de
315 2863 363 2908 qua
378 2849 449 2894 etiam
463 2848 554 2908 aliquid
569 2849 628 2894 dicit
642 2850 666 2894 ln
676 2848 756 2907 Epist.
806 2845 904 2891 ἄτοπον
915 2847 977 2892 εἶναι
991 2848 1043 2891 τῶν
1057 2845 1244 2906 πλησιοχῶρων
1257 2849 1332 2905 βασι·

230 2923 298 2969 Part.
315 2935 345 2969 11.
362 2924 454 2982 ep.10.
470 2923 548 2969 verior
564 2927 609 2980 est,
626 2923 757 2968 secundum
805 2918 1002 2978 λενομένωντήν
1012 2919 1089 2975 αὐτήν
1100 2919 1168 2979 ὅχην
1183 2922 1272 2967 αὐτοὺς
1284 2938 1332 2967 πο-

230 2994 278 3044 Jua
289 2997 420 3055 Naturale;
434 2997 498 3044 utin
514 2996 584 3044 Notis
601 2997 700 3045 Gallicis
717 3012 756 3044 os·
805 2995 918 3043 hercles·
933 2997 995 3043 nihil
1009 3010 1057 3043 me
1067 2997 1174 3053 airardi,
1184 2998 1213 3053 ri,
1228 3011 1280 3043 cum
1295 3000 1331 3043 oi-

230 3072 357 3118 tendimus.
387 3072 456 3121 J.B.
805 3070 854 3118 aar
872 3075 1035 3131 morentur,
1054 3071 1102 3131 ipsi
1121 3071 1217 3117 ιαααεια
1236 3072 1332 3131 imperit

274 3144 756 3207 ¹¹Homolicpovcpxlc]Faciuntenim,
801 3144 906 3206 fororum
915 3146 1054 3204 acciperent.
1085 3143 1222 3204 (AnaJuu
1235 3159 1270 3192 vr.
1283 3149 1321 3208 4.)

229 3226 258 3267 ut
267 3221 296 3267 ad
308 3221 323 3281 5
334 3221 381 3267 viii.
396 3222 537 3278 notavimus,
551 3221 649 3280 Tragici
655 3234 756 3280 regnum
849 3219 860 3250 ¹
876 3220 989 3267 Imitatur
1003 3220 1168 3280 loquutionem
1187 3222 1272 3278 Taciti,
1290 3224 1332 3269 nbi

229 3296 370 3343 Thebanum
395 3297 473 3343 simile
500 3296 583 3356 regnis
607 3295 756 3351 Phoenicum,
806 3295 992 3355 tamenoptlmas
1007 3295 1331 3343 Editioneshabentoddac·

229 3372 293 3418 unde
303 3371 349 3418 orti
357 3377 435 3418 erant.
520 3411 524 3414 .
804 3370 861 3430 tius,
871 3383 921 3416 non
930 3369 1067 3418 addicetur:
1087 3370 1165 3417 itane
1179 3371 1267 3431 Lygios
1282 3372 1331 3418 Go-

273 3453 285 3476 ²
300 3447 462 3506 Airoxpcrric
470 3444 603 3506 βασιλεία]
617 3446 657 3492 Slo
663 3445 753 3505 Diony·
805 3444 891 3491 choses
905 3450 1041 3506 repararetur,
1050 3445 1195 3505 psallojom
1205 3445 1332 3492 mmmm

228 3518 277 3564 sim
292 3519 506 3567 Halicarnassensis
517 3521 546 3566 de
555 3519 682 3567 laconicis
692 3519 755 3580 repi-
804 3524 963 3578 quomam
971 3520 1144 3567 Germanorum
1153 3526 1237 3581 qaeu.
1250 3520 1330 3570 Germ.

279 3773 297 3822 2
321 3768 383 3823 The
397 3784 460 3824 case
471 3769 495 3824 is
509 3769 566 3826 like
577 3770 640 3826 that
654 3771 688 3826 of
698 3789 716 3826 a
729 3776 882 3826 testament
892 3771 922 3824 in
934 3770 1025 3825 which
1040 3770 1063 3824 it
1076 3769 1100 3824 is
1114 3768 1206 3823 added
1217 3766 1281 3823 that
1292 3784 1330 3823 no

226 3853 395 3925 subsequont
410 3860 561 3911 testament
578 3856 650 3911 shall
669 3857 706 3912 be
720 3856 811 3921 valid;
832 3857 878 3911 for
889 3856 945 3911 this
960 3857 1054 3912 clause
1071 3854 1122 3909 has
1137 3854 1186 3909 the
1201 3854 1285 3909 effect
1299 3853 1333 3908 oi

225 3939 339 4010 making
347 3957 364 3994 a
372 3940 445 3995 later
452 3945 604 3997 testament
610 3941 761 4014 presumed
769 3948 819 3997 not
828 3947 858 3997 tc
867 3942 903 3998 be
911 3942 960 3998 the
968 3942 1029 3998 real
1037 3941 1093 3995 will
1102 3940 1134 3996 oi
1144 3940 1193 3996 the
1200 3945 1327 3995 testator.

224 4026 282 4079 But
294 4042 324 4079 aa
339 4024 395 4080 this
409 4025 503 4081 clause
518 4045 582 4098 may
596 4028 633 4083 be
647 4027 794 4083 rescinded
806 4027 844 4099 by
854 4045 892 4082 an
906 4045 1019 4100 express
1030 4027 1087 4082 and
1104 4025 1208 4098 special
1224 4026 1330 4096 signiti-

225 4111 318 4166 oation
333 4111 367 4166 of
378 4110 427 4167 the
441 4112 496 4165 will
508 4112 541 4166 of
550 4112 598 4167 tho
613 4114 714 4177 writer,
726 4129 757 4168 so
769 4130 834 4184 may
848 4113 911 4169 that
926 4112 1108 4168 directiones
1120 4112 1169 4167 the
1183 4112 1261 4181 ling.

277 4197 360 4252 XIX.
396 4198 412 4252 1
425 4197 463 4252 do
477 4204 528 4253 not
544 4197 613 4253 here
627 4215 677 4254 use
691 4197 741 4254 the
754 4198 899 4270 authority
911 4199 944 4254 oi
952 4199 1096 4271 Polybius,
1103 4197 1165 4252 who
1178 4196 1268 4251 refers
1279 4195 1331 4250 the

224 4283 335 4339 Roman
350 4283 430 4339 State
444 4289 474 4340 to
490 4284 539 4340 the
553 4284 623 4339 class
638 4284 672 4340 of
685 4283 778 4339 mixed
795 4284 986 4356 Sorereignty.
1024 4285 1081 4338 For
1094 4291 1124 4338 at
1138 4282 1201 4338 that
1216 4283 1295 4348 time,
1308 4280 1335 4335 ii
