2866 4906
500 279 800 336 PROLEGOMENA.
1125 264 1208 327 lxxix

174 444 218 510 60
253 439 446 528 Scriptorum
463 441 631 506 veterum
621 463 690 529 rpss
709 442 808 507 verbs
825 439 941 507 adduxi
958 440 1125 518 interdum,
1151 439 1205 505 uhi
1219 459 1361 546 summat

101 541 178 608 telis
192 550 293 618 erent,
317 550 355 607 ut
370 547 426 606 aut
445 561 513 604 cum
531 541 727 620 auctoritate,
754 551 895 606 anteum
917 548 1082 607 venustate
1100 540 1206 628 singu-

102 641 162 707 lari
187 641 269 706 dicta
292 639 492 706 viderentur.
522 639 606 725 quod
631 647 665 705 et
689 638 721 704 in
749 639 860 727 graecis
884 639 943 705 feci
973 661 1204 726 nonnunquam,

103 740 159 806 sed
182 739 317 805 maxime
333 738 387 804 ubi
408 746 463 803 sut
479 737 583 803 brevis
605 746 675 803 eret
695 738 859 817 sententis,
885 746 941 804 aut
959 739 1047 825 cnjus
1071 739 1206 829 gratiam

103 860 231 926 sperare
248 860 311 903 non
327 836 480 903 audebam
501 836 599 902 latino
615 859 758 903 sermone
774 859 824 903 me
840 859 930 924 posse
946 838 1088 924 assequi:
1114 859 1206 925 quem

103 948 208 1004 tamen
235 937 350 1023 ubique
375 933 504 1023 adjunxi
528 935 562 1000 in
587 957 694 1002 eorum
720 937 913 1003 commodum
936 937 991 1025 qui
1014 958 1121 1027 groeca
1144 958 1207 1002 non

103 1035 286 1103 didicerunt.

181 1138 223 1201 61
260 1136 363 1212 Quem
379 1155 454 1200 vero
472 1153 532 1223 ego
548 1134 581 1200 in
605 1134 736 1201 eliorum
752 1136 913 1202 sententiis
930 1156 967 1201 ec
989 1136 1085 1224 script
1085 1137 1111 1201 is
1128 1135 1316 1222 diju-wrw
1220 1195 1243 1232 a
1240 1145 1374 1237 mmm-¹

107 1235 245 1301 dicendis
271 1233 347 1299 mihi
375 1233 470 1299 sumsi
496 1234 682 1312 libertatem,
709 1235 840 1301 eandem
867 1234 980 1300 sibim
1003 1257 1053 1300 me
1074 1243 1207 1312 sumant,
1220 1239 1300 1278 *Μ*

106 1356 212 1400 omnes
229 1354 352 1399 essere
369 1341 464 1417 atque
481 1333 629 1411 obtestor,
656 1356 787 1420 quorum
812 1334 844 1398 in
862 1356 970 1400 manus
991 1333 1052 1399 ista
1072 1333 1207 1401 venient.

106 1435 182 1499 Non
198 1432 243 1497 iili
258 1430 407 1519 promtius
427 1454 477 1497 me
493 1433 662 1498 monebunt
678 1443 845 1512 errantem,
862 1454 955 1519 quem
972 1453 1032 1519 ego
1048 1441 1209 1498 monentes

106 1553 230 1618 sequar.
279 1533 322 1597 Et
338 1530 404 1618 jum
421 1552 503 1597 nunc
519 1532 607 1609 adeo,
631 1531 658 1597 si
674 1533 749 1619 quid
765 1531 816 1596 hic
832 1532 952 1619 pietati,
979 1531 1005 1596 si
1026 1532 1102 1619 quid
1122 1531 1210 1596 bonis

105 1631 253 1708 moribus,
276 1631 302 1696 si
330 1630 404 1717 quid
433 1630 530 1696 sceris
556 1630 663 1707 literis,
694 1631 721 1696 si
748 1630 823 1717 quid
854 1631 990 1697 ecclesiae
1025 1630 1210 1697 Christisnae

108 1729 278 1806 consensui,
303 1731 331 1796 si
352 1728 428 1816 quid
444 1729 500 1794 ulli
516 1729 641 1796 veritati
658 1730 887 1796 dissentaneum
907 1752 927 1796 a
948 1753 998 1797 me
1019 1731 1208 1806 dictumest,

107 1829 140 1895 id
157 1851 213 1895 nec
229 1828 346 1896 dictum
362 1838 438 1898 estc.

162 2100 196 2152 61
230 2095 320 2167 Iheg
337 2096 377 2151 all
397 2098 510 2152 readers
532 2098 592 2152 into
612 2098 705 2153 whose
723 2099 813 2154 hands
832 2116 880 2171 my
894 2099 970 2154 work
991 2115 1056 2171 may
1070 2116 1157 2164 ccmo,
1179 2104 1210 2153 ιο

108 2181 176 2238 take
195 2180 246 2236 the
267 2199 345 2237 seme
365 2181 469 2253 liberty
488 2184 518 2237 in
540 2184 660 2254 judging
681 2184 714 2238 cf
735 2203 784 2256 my
805 2186 933 2255 opinions
955 2185 1010 2238 end
1037 2187 1211 2256 expressions

108 2267 200 2322 which
218 2269 233 2322 1
253 2267 326 2322 hswe
346 2268 431 2323 thiren
450 2268 518 2322 with
538 2270 638 2340 regnrd
658 2275 689 2324 to
703 2269 784 2325 those
807 2272 840 2325 of
854 2270 957 2325 others.
1004 2270 1084 2340 They
1107 2276 1211 2324 cannot

107 2354 145 2409 be
158 2370 239 2408 more
252 2353 340 2424 ready
354 2359 384 2408 ιο
404 2353 551 2409 admonish
566 2371 612 2409 me
633 2355 713 2411 when
724 2356 740 2409 I
751 2373 798 2409 em
816 2356 846 2409 in
867 2372 953 2418 error,
971 2352 1041 2408 then
1055 2355 1070 2408 I
1084 2355 1156 2408 shall
1176 2354 1212 2408 be

107 2445 138 2494 ιο
152 2439 254 2493 attend
268 2445 299 2493 to
314 2439 389 2494 their
403 2439 584 2494 admonition.

166 2524 233 2578 And
244 2541 317 2589 now,
332 2524 359 2578 if
373 2525 389 2579 1
406 2525 477 2580 have
488 2526 547 2580 reid
559 2525 696 2597 snything
706 2525 798 2580 which
812 2526 836 2579 is
855 2531 885 2579 st
896 2526 1025 2579 rerisnce
1043 2523 1111 2577 with
1122 2522 1213 2577 sound

105 2610 195 2684 piety,
212 2609 281 2664 with
297 2610 373 2682 good
396 2611 507 2675 moreh,
524 2610 592 2665 with
605 2610 672 2683 holy
693 2613 839 2683 scripture,
856 2611 925 2665 with
944 2609 994 2665 the
1013 2611 1095 2680 unity
1116 2609 1148 2663 of
1164 2607 1213 2662 the

106 2696 253 2752 Christian
265 2694 389 2761 Ohurch,
409 2696 476 2751 with
490 2697 570 2752 truth
582 2698 612 2751 in
627 2714 683 2770 sny
694 2698 767 2752 form
777 2697 868 2763 s-let
882 2696 945 2751 thet
954 2695 991 2752 be
1006 2713 1037 2751 cs
1052 2694 1160 2749 unssid.
