2866 4906
196 143 266 209 '148
467 152 613 208 ,uuum
632 151 816 209 PARTITIO
836 153 1005 210 DUPLEX.
1187 153 1261 224 [bna
1272 152 1299 209 1.

199 326 275 384 nam
297 318 330 384 et
354 315 388 384 in
407 317 585 395 Germania,
607 324 641 385 et
664 319 697 383 in
723 317 825 385 Gallia
846 325 913 384 tum
934 339 1027 407 reges
1051 324 1152 393 erant,
1174 317 1239 394 sed,
1262 325 1300 383 ut

102 459 108 471 ·
202 416 285 483 idem
301 416 428 485 Tacitus
443 426 541 496 notat,
562 416 702 505 precario
716 416 790 504 jure
806 417 959 504 regnandi
975 426 1008 483 et
1024 415 1209 482 auctoritate
1229 437 1301 482 sua-

200 515 306 594 dendi,
320 517 382 582 non
394 517 525 604 jubendi
540 525 704 603 potestate.

199 641 201 644 ·
275 617 296 680 2
327 617 431 703 Supra
464 637 588 703 quoque
611 614 796 691 notavimus,
829 623 930 682 totum
954 614 1101 703 populum
1126 613 1301 681 Hebraeum

202 712 297 780 fuisse
313 715 370 781 sub
387 737 482 804 rege:
501 724 534 781 et
552 714 678 781 Samuel
689 714 741 800 jus
756 736 867 804 regum
883 714 1059 782 describens
1073 712 1148 780 satis
1164 715 1302 781 ostendit

200 813 355 879 adversus
369 815 456 903 regis
476 813 605 901 injurias
621 813 737 879 nullam
757 813 791 878 in
805 813 919 900 populo
941 814 1081 879 relictam
1095 820 1300 900 potestatem:

203 912 287 998 quod
303 922 389 980 recte
405 912 553 1001 colligimt
566 922 688 979 veteres
704 934 745 977 ex
758 911 810 977 illo
825 910 959 978 Psalmi:
984 915 1063 978 Tibi
1073 914 1136 979 soli
1147 917 1301 996 peccavi.-

202 1011 244 1076 ad
258 1033 351 1098 quem
367 1012 467 1078 looum
484 1012 714 1099 Hieronymus:
738 1014 855 1091 ³de
871 1034 929 1078 raa
950 1024 1032 1088 erat,
1050 1026 1080 1078 et
1094 1012 1219 1077 ‘alium
1237 1035 1302 1078 aon

39 1115 145 1202 mg
155 1160 184 1200 ω,
205 1113 346 1178 timebat.
375 1114 378 1120 '
397 1111 442 1177 Et
457 1111 657 1177 Ambrosius:
683 1113 755 1177 Rau
771 1123 853 1187 erat,
870 1112 974 1176 nullia
990 1113 1059 1196 ipae
1077 1112 1201 1197 lapibus
1217 1124 1302 1178 terse-

205 1213 312 1290 batur,
331 1215 414 1294 quia
431 1212 526 1277 liberi
546 1222 622 1276 eunt
638 1232 727 1295 reyes
743 1233 766 1275 a
783 1211 926 1276 vinealia
942 1212 1140 1276 delictorum.
1190 1213 1303 1295 Neque

203 1312 289 1376 enim
311 1312 390 1375 allia
406 1313 453 1375 ad
463 1331 596 1395 paenam
617 1322 778 1374 uocantur
798 1310 928 1394 legibue,
945 1301 1034 1376 btati
1053 1311 1186 1396 imperii
1196 1323 1304 1396 potee-

205 1421 292 1474 tate:
309 1411 433 1474 bomini
449 1431 522 1494 erqo
544 1431 608 1473 aon
619 1410 778 1493 peccauit,
796 1411 852 1474 oui
871 1431 935 1473 nora
953 1410 1119 1474 tenebatur
1139 1410 1302 1476 obnoxiae.
1386 1483 1392 1494 ‚

203 1507 293 1572 Idem
312 1507 419 1594 legere
436 1509 485 1573 est
506 1506 590 1594 apud
613 1506 766 1571 Isidorum
788 1507 974 1572 Pelusiotam
994 1507 1125 1593 epistola
1146 1516 1303 1595 postremo

204 1604 291 1670 edita
316 1625 520 1671 cuonxxxm.
565 1605 665 1673 Video
693 1605 866 1671 consentire
895 1606 1055 1682 Hebraeos,
1086 1606 1171 1695 ⁴regi
1194 1606 1227 1671 in
1250 1629 1304 1674 eas

204 1704 290 1792 leges
315 1725 386 1791 quae
410 1704 451 1770 de
473 1703 570 1769 officio
595 1703 680 1791 regis
700 1704 824 1791 scriptae
847 1705 1012 1770 exstabant
1033 1705 1172 1791 peooanti
1187 1705 1304 1772 inflicta

204 1803 356 1869 verbera:
376 1804 432 1868 sed
448 1825 487 1868 ea
503 1803 587 1889 apud
603 1802 673 1868 illos
688 1801 814 1868 infamia
830 1804 989 1880 carebant,
1012 1813 1046 1869 et
1061 1826 1081 1869 a
1097 1826 1174 1892 rege
1190 1805 1225 1870 in
1241 1806 1304 1894 sig·

204 1923 279 1967 num
301 1901 491 1988 poenitentiae
511 1910 623 1990 sponte
638 1900 893 1990 suscipiebantur,
917 1902 1048 1989 ideoque
1065 1925 1127 1969 non
1147 1925 1168 1968 a
1183 1903 1302 1983 liotore,
1335 1893 1341 1911 ⁸

205 2000 260 2066 sed
275 2001 315 2067 ab
332 2022 379 2078 eo,
402 2022 495 2087 quem
508 2000 636 2090 legisset
651 1999 727 2088 ipse,
753 2001 940 2078 oaedebatur,
963 2011 996 2067 et
1010 2024 1065 2067 suo
1085 2002 1216 2069 arbitrio
1233 2026 1305 2069 ver-

204 2098 331 2166 beribus
346 2101 505 2167 statuebat
516 2099 651 2166 modum.
684 2101 713 2164 A
729 2100 826 2186 poenis
842 2109 946 2166 autem
963 2101 1108 2166 ooaotivis
1120 2102 1199 2166 adeo
1214 2102 1303 2169 liberi

40 2216 192 2313 Rffissi'ffi
204 2207 296 2264 erant
312 2221 413 2288 reges,
433 2208 470 2265 ut
486 2198 580 2266 etiam
595 2199 828 2265 excalceationis
842 2199 904 2277 lex,
918 2199 1034 2286 quippe
1049 2222 1118 2264 eum
1135 2199 1305 2288 ignominia

146 2290 178 2304 ’“
205 2297 376 2384 conjuncta,
400 2299 433 2364 in
452 2298 527 2386 ipsis
548 2306 691 2365 cessaret.
744 2298 875 2365 Hebraei
900 2298 1126 2364 Barnaohmoni
1151 2301 1305 2367 sententia

205 2405 309 2463 exstat
324 2398 358 2463 in
374 2397 464 2465 dietis
481 2398 704 2475 Rabbinorum,
720 2397 811 2464 titulo
824 2399 864 2463 de
879 2399 903 2463 J
904 2397 1062 2464 udioibus:
1087 2399 1196 2464 Nulla
1212 2422 1304 2466 orea-

207 2510 285 2562 tara
293 2499 427 2581 judicat
443 2521 556 2583 regern,
574 2500 630 2563 aed
646 2501 737 2564 Deua
754 2499 943 2564 benedictae.

279 2598 301 2659 3
336 2596 418 2660 Haeo
438 2618 507 2661 oum
523 2596 569 2660 ita
588 2595 659 2670 siut,
683 2606 787 2660 tamen
802 2596 906 2680 aliqua
925 2593 1041 2680 judicia
1065 2597 1201 2662 arbitror
1220 2597 1304 2686 regi-

206 2694 265 2760 bus
289 2693 423 2768 ademta,
447 2693 594 2758 mansisse
619 2714 714 2779 penes
740 2693 927 2781 Synedrium
953 2694 1055 2761 LXX.
1084 2696 1194 2773 virum,
1221 2697 1305 2783 quod

208 2791 312 2857 divino
327 2791 456 2879 imperio
473 2814 494 2857 a
510 2793 598 2856 Mose
610 2791 782 2858 institutum
796 2792 837 2857 ad
848 2793 984 2857 Herodis
996 2803 1137 2879 tempora
1153 2805 1307 2882 perpetua

43 2883 195 2971 fflffiffi
209 2890 421 2976 ⁵oooptatione
443 2890 577 2955 duravit.
625 2892 736 2975 Itaque
751 2898 783 2955 et
800 2891 903 2954 Moses
918 2899 951 2954 et
967 2891 1071 2956 David
1083 2892 1204 2976 judiees
1221 2896 1307 2960 Deos

207 3063 295 3112 ἅπλῶς
310 3066 363 3110 τῶν
378 3065 441 3123 πρὸς
456 3064 488 3110 ta
504 3063 544 3110 nui
559 3064 623 3123 πρὸς
637 3080 731 3122 psonu-
803 3061 1285 3106 N⁰nflbltr⁸dldimu⁸d⁰dlffiwrvlra8abaeost

207 3140 281 3197 aptas
289 3139 432 3199 βαρβάρων,
442 3140 483 3186 nat
493 3139 541 3186 ὅσα
548 3139 732 3197 τιὶιβασιλεὶας
803 3125 906 3163 Ληθὼ
913 3125 1020 3164 dmum
1028 3135 1065 3164 ¹¹⁰⁰
1073 3129 1092 3164 ω
1100 3125 1226 3172 9¹¹²meOE
1234 3138 1282 3167 ⁰¹⁸³·

207 3216 299 3276 ἀγαπᾷ
331 3216 469 3276 κεκτημένα
502 3213 732 3272 δεσποτικωτέρας·
826 3213 1308 3275 ⁸NiltulebabetHiaronymus‚inbuno

211 3291 277 3351 Quid
290 3293 334 3338 tibi
341 3291 396 3349 ,iura
410 3292 546 3353 einpulutim
560 3305 676 3351 exsequar
690 3294 733 3336 aut
781 3290 970 3349 quidemPeulm.
978 3289 1003 3335 li.
1014 3289 1106 3336 locum:
1122 3291 1164 3335 sed
1174 3291 1309 3340 alibivide

210 3367 380 3414 Genamwrum
395 3368 513 3415 libertatis
527 3367 634 3413 amnestia
649 3372 671 3413 et
687 3368 732 3412 tm·
782 3365 906 3411 Stantem
918 3365 989 3424 Rerp.
999 3364 1033 3410 ad
1042 3364 1178 3421 Mithram,
1189 3379 1245 3426 pag.
1255 3370 1309 3417 205.

204 3442 390 3503 patientiajupi
407 3444 509 3502 ingenia,
525 3447 567 3488 aut
587 3446 669 3488 contra
689 3442 732 3487 do-
781 3445 875 3500 eteeqq.
891 3440 933 3485 nbi
948 3441 1029 3500 plures
1043 3440 1102 3485 alios
1117 3440 1202 3485 Patres
1216 3440 1309 3498 laudat,

208 3514 263 3559 tiles
272 3515 368 3560 herilem
377 3515 542 3573 mannmfme
553 3514 733 3573 Syrmfflereus
781 3514 816 3559 ita
831 3527 965 3573 perperam,
974 3527 1018 3559 auo
1033 3527 1107 3569 more,
1121 3514 1193 3559 verba
1208 3514 1310 3562 Davidia

207 3593 229 3633 et
240 3589 355 3644 Parthos,
362 3594 384 3634 et
393 3603 475 3644 amau,
483 3588 525 3648 qui
535 3594 576 3633 unt
583 3589 733 3634 adorientem
782 3594 936 3650 exponentes.
954 3590 1024 3636 Circa
1034 3604 1082 3636 rem
1094 3590 1169 3649 ipsam
1179 3590 1234 3636 vide
1241 3593 1309 3638 Mu.-

207 3667 250 3708 aat
259 3663 293 3708 ud
302 3664 421 3708 meridiem
430 3668 490 3719 sunt,
504 3662 620 3708 barbaros
634 3663 732 3709 multus·
781 3679 880 3722 nouum,
891 3665 989 3726 Deseris.
1001 3679 1048 3724 pro
1059 3665 1121 3722 Pop.
1136 3665 1232 3724 Anqtte.
1247 3666 1309 3727 Cap.

207 3749 252 3796 que
270 3741 348 3797 gentes
367 3736 432 3782 aliae
449 3741 568 3783 contentae
581 3738 624 3784 aab
639 3738 733 3800 regibus
781 3743 803 3796 2,
819 3754 876 3799 pag.
894 3753 926 3786 m.
946 3742 985 3786 32.
1011 3746 1037 3785 et
1059 3742 1160 3786 Rauen.
1183 3741 1310 3790 Huausu.

207 3811 284 3856 eivers
294 3810 572 3858 dominoetmitantibus?
588 3813 676 3873 (Apud
684 3814 732 3874 Cy·
782 3817 927 3871 Sonsmuu,
948 3815 988 3861 De
998 3815 1060 3861 Jare
1069 3816 1175 3874 Imperii,
1196 3829 1238 3875 pp.
1257 3819 1310 3875 255,

207 3885 599 3945 mn.png.138.Ed.spantem.)
619 3887 732 3934 Claudia·
780 3889 832 3936 256
856 3888 885 3935 J.
893 3889 925 3934 B.

208 3971 253 4004 nus
266 3958 318 4018 (De
325 3957 371 4005 IV.
385 3956 453 4005 cons.
460 3957 525 4005 Hem.
536 3973 598 4006 vers.
608 3960 681 4019 306):
824 3964 930 4009 ·Atiuea
944 3978 990 4029 non
1008 3964 1114 4025 timebat]
1135 3965 1202 4012 Idem
1220 3966 1310 4013 Hiero·

272 4212 289 4258 2
313 4203 375 4260 Tine
386 4204 507 4259 Hebrew
520 4205 589 4275 king
600 4203 657 4259 had
669 4207 793 4277 peculiar
805 4210 965 4281 exceptione
976 4210 1049 4265 from
1062 4211 1110 4268 tho
1122 4212 1189 4266 law:

272 4296 289 4345 3
313 4291 369 4346 Yet
379 4307 458 4347 some
472 4306 549 4345 cases
563 4307 635 4345 were
649 4293 780 4348 reserred
793 4300 823 4348 to
843 4295 890 4350 the
904 4296 1079 4352 Sanhedrim.
