2866 4906
220 163 262 233 72
414 171 469 229 AN
489 171 664 228 Bethana
686 169 857 237 UNQUAM
876 169 1031 227 «IUSTUM
1053 171 1121 226 SIT.
1211 169 1283 239 [hun.
1296 170 1319 226 1.

221 343 341 418 dilecti,
368 342 424 407 em
440 341 517 406 date
534 335 638 406 locum
654 341 737 405 iroe:
761 339 921 424 scriptum
941 350 987 404 cet
1009 340 1116 412 enim,-
1142 341 1255 404 Meum
1275 351 1322 406 est

220 444 359 507 ulcieci:
384 463 439 525 ego
464 443 649 523 rependam,
677 441 761 505 dicit
785 440 957 504 Dominus.
1009 440 1126 524 Itaque
1155 441 1186 504 ei
1220 442 1322 504 esurit

220 543 375 607 inimicus
392 553 477 618 tuas,
504 540 579 604 ciba
595 560 689 613 eum3
714 540 840 613 adsilit,
856 539 903 602 da
920 539 950 602 ei
964 548 1097 622 potum:
1114 539 1174 604 hoc
1188 541 1274 603 enim
1290 541 1322 602 ei

211 641 344 726 firmia,
370 640 524 704 carbones
548 639 637 721 ignia
661 637 866 702 coacervatis
886 638 922 700 in
939 647 1039 721 caput
1055 637 1130 719 ejua
1181 639 1235 702 Ne
1250 641 1322 702 virr-

221 742 305 805 cc'tor
335 761 359 804 a
391 739 488 814 malo,
523 739 579 802 scd
609 737 702 801 uince
729 736 807 801 bono
836 735 968 799 mulum.
1021 734 1085 799 Sed
1114 733 1165 800 hic
1198 757 1322 823 quoque

218 837 341 914 eadem,
365 858 436 923 quse
453 835 495 901 ed
510 834 612 900 locum
628 832 819 921 superiorem
836 840 925 919 patet
940 832 1110 918 responsio.
1156 832 1240 899 Nam
1259 856 1321 921 quo

220 944 362 1024 tempore
378 935 496 1002 dictum
511 933 616 999 fuerat
637 933 756 1009 aDeo,
782 934 889 998 Meum
913 939 961 997 est
984 931 1101 1010 ulcisci,
1127 954 1186 1021 ego
1209 955 1321 1022 repen-

220 1035 312 1113 dam;
338 1055 376 1100 eo
403 1034 470 1120 ipso
498 1041 639 1119 tempore
664 1040 698 1099 et
719 1030 836 1119 judicia
857 1029 1002 1118 capitalia
1025 1031 1262 1110 exercebantur,
1289 1042 1322 1099 et

219 1133 260 1200 de
273 1133 362 1200 bellis
378 1133 502 1219 scriptae
519 1139 611 1199 erant
626 1130 722 1219 leges
757 1129 841 1209 Quin
857 1137 891 1195 et
903 1128 1052 1196 beneficia
1064 1128 1194 1196 inimicis
1211 1134 1321 1219 (popu-

219 1232 338 1298 laribus
363 1231 492 1315 scilicet)
511 1229 653 1296 exhiberi
671 1229 834 1316 jubentur,
861 1227 962 1294 Exod.
986 1227 1075 1294 xxiii.
1096 1232 1128 1306 4,
1154 1232 1186 1297 5.
1240 1231 1320 1296 Haec

103 1373 126 1389 .*
219 1340 335 1408 tamem
353 1328 389 1397 ut
403 1329 546 1407 diximus,
568 1350 669 1415 neque
685 1328 784 1416 poenis
800 1327 990 1414 capitalibus,
1008 1349 1109 1415 neque
1127 1328 1215 1395 bellis
1228 1329 1321 1417 justis
1383 1391 1395 1407 ,

219 1429 253 1496 in
275 1431 359 1516 ipsos
386 1429 481 1495 etiam
507 1428 667 1494 israelitas
694 1427 867 1493 obstabant
920 1427 1026 1504 Quare
1043 1448 1084 1493 ne
1100 1450 1181 1494 nunc
1195 1429 1320 1516 quidem

220 1529 318 1596 verba
332 1528 452 1603 eadem,
474 1533 530 1592 ant
545 1534 705 1613 praecepta
720 1524 840 1600 similia,
852 1524 994 1610 quemvis
1014 1525 1107 1591 latius
1124 1529 1274 1613 patentia,
1287 1529 1321 1593 in

219 1627 314 1693 talem
331 1648 454 1692 sensum
470 1624 622 1712 rapienda
643 1632 735 1691 sunt:
758 1643 857 1709 eoque
879 1621 980 1688 minus
999 1622 1073 1709 quia
1093 1624 1228 1711 capitum
1252 1648 1319 1692 sec·

219 1727 319 1792 tiones
345 1746 407 1790 non
434 1725 475 1791 ab
504 1723 660 1811 apostolis
686 1729 770 1798 sunt,
796 1730 852 1787 aut
877 1742 986 1786 eornm
1013 1730 1116 1799 atate,
1140 1723 1195 1789 sed
1220 1725 1320 1791 multo

219 1825 318 1891 serius
346 1824 437 1890 factae
466 1823 508 1888 ad
530 1821 729 1888 dividendam
749 1819 912 1887 lectionem
936 1827 970 1885 et
988 1819 1159 1887 faciliorem
1181 1822 1320 1890 locorum

218 1922 446 2012 allegationem.
500 1921 606 1998 Quare
633 1920 718 2007 quod
738 1940 820 1988 nunc
846 1917 909 1984 xiii.
935 1927 1029 2006 caput
1050 1917 1186 1998 inchoat,
1206 1925 1320 1991 Omnia

216 2131 265 2164 vax
287 2129 352 2177 sape
374 2128 390 2161 a
410 2113 552 2162 Christianis
571 2114 596 2159 in
616 2113 745 2160 meissendl
793 2111 1010 2158 etiamirmditilr
1019 2113 1320 2175 ridereturaDeoeoerpee.

217 2190 512 2250 sensupositainvenitur.
543 2188 745 2235 Tertulliannsdc
793 2192 846 2234 tare
867 2187 994 2247 deserum,
1017 2189 1152 2236 edioeudmr
1168 2195 1254 2250 postea
1273 2202 1321 2250 per

219 2267 360 2314 Patientia:
385 2265 457 2325 (Cap.
478 2265 519 2321 x.)
548 2263 607 2310 lam
626 2263 649 2309 si
668 2264 745 2310 levius
796 2261 949 2321 Prophetiam,
964 2262 1029 2308 Mihi
1044 2263 1171 2324 desem,
1185 2269 1208 2312 ct
1221 2279 1264 2325 eqo
1278 2265 1319 2310 ds·

217 2340 490 2402 &administrantur
507 2336 646 2394 steterim
661 2351 744 2384 orna·
785 2336 896 2396 sudam,
915 2337 975 2384 dicit
989 2337 1124 2386 Dominus:
1144 2340 1237 2386 merim
1257 2353 1319 2387 corr·

218 2417 288 2463 beris.
321 2415 389 2475 Quid
407 2414 466 2460 mihi
488 2427 539 2460 cum
563 2412 658 2470 duom,
678 2412 744 2470 cidus
792 2413 874 2460 πιιοεὶο
888 2413 984 2472 ιιῑὶιινίω
997 2420 1057 2462 metu
1070 2416 1130 2462 vicis
1143 2417 1224 2463 rtatim
1237 2430 1320 2463 occur·

216 2491 310 2538 ωοᾱοιιι
329 2504 409 2550 repere
427 2503 473 2534 ivor
488 2503 585 2549 porcum
602 2501 647 2547 per
665 2488 743 2546 impa-
793 2500 856 2533 earm
872 2489 1076 2548 repastinaretur:
1097 2491 1230 2538 alisontia
1246 2493 1317 2539 verri·

216 2567 322 2612 ιίοιιιιαιι
331 2563 442 2610 doloric?
456 2563 578 2609 adversm
589 2561 743 2617 Marcionem,
793 2561 895 2607 ιυιίοπίο
907 2563 1039 2620 prohibitio
1058 2569 1115 2611 erret
1124 2567 1319 2625 provocatoria

216 2641 256 2686 it:
276 2654 321 2684 non
336 2639 395 2684 erim
410 2636 504 2694 injuria
518 2640 597 2681 mutuo
610 2637 744 2682 οεονοαιᾱω
793 2640 819 2680 ut
833 2635 870 2682 ric
889 2636 1028 2694 improbiter
1042 2644 1122 2685 astuta
1136 2645 1243 2697 mearet,
1263 2641 1319 2687 dura

216 2712 416 2771 licentiamsnpit,
427 2709 470 2755 red
484 2710 508 2754 in
523 2713 596 2754 toturn
610 2709 743 2755 cohibenda
792 2710 896 2755 amada
906 2712 1032 2770 permisso,
1050 2714 1131 2773 prima
1150 2719 1251 2762 terretur
1256 2730 1268 2771 ,·
1296 2721 1319 2762 ct

216 2787 332 2834 molentum
337 2784 462 2845 prospicit,
472 2787 497 2828 ut
507 2783 565 2842 quia
580 2782 705 2828 durissimo
720 2788 743 2829 et
790 2785 872 2843 prima
878 2785 1153 2846 deterritanecaecuudu
1161 2791 1321 2848 maiitiam,

215 2861 307 2924 infideli
325 2862 351 2907 in
377 2860 454 2905 Deum
478 2857 568 2917 populo
592 2857 685 2917 lorcyum
707 2859 744 2904 uel
793 2861 1066 2921 qvcoeduliaasacilior
1080 2865 1151 2910 timor
1165 2866 1262 2913 talionis
1272 2882 1319 2928 per

215 3110 339 3167 aborsis
351 3109 493 3183 evidently
504 3108 669 3182 applicable.
703 3110 760 3166 For
771 3115 802 3165 et
813 3110 862 3166 the
872 3126 939 3182 very
949 3111 1018 3165 time
1030 3115 1059 3164 at
1072 3109 1161 3164 which
1174 3111 1238 3166 God
1249 3114 1319 3178 said,

218 3194 260 3268 [as
274 3195 343 3252 here
358 3197 463 3269 quoted
478 3196 517 3268 by
535 3197 569 3252 St
584 3193 675 3263 Paul]
695 3196 846 3268 Vmpcoroe
864 3197 981 3260 hmine,
995 3196 1018 3250 I
1031 3197 1089 3250 will
1107 3213 1200 3268 repoy,
1218 3193 1317 3267 [Dent.

214 3283 297 3338 mii.
315 3278 361 3353 35]
387 3283 490 3356 capital
509 3281 704 3354 punishments
725 3299 798 3338 vvere
820 3282 962 3354 practised
983 3282 1039 3337 and
1061 3282 1128 3337 lavs
1148 3284 1318 3355 concerning

214 3382 272 3424 var
286 3386 358 3425 vere
375 3371 466 3442 given.
506 3369 545 3424 So
560 3370 642 3441 again
657 3368 726 3440 they
743 3385 792 3424 are
806 3368 991 3424 commanded
1004 3375 1036 3424 ιο
1055 3368 1093 3423 do
1108 3370 1183 3439 good
1198 3375 1228 3424 to
1243 3369 1319 3424 their

214 3456 346 3517 enemies,
362 3455 452 3509 Exod.
466 3455 540 3509 xxiii.
558 3462 590 3509 5:
613 3455 652 3522 Is
663 3456 726 3509 stou
744 3464 808 3509 meet
826 3456 896 3510 stine
912 3455 1024 3525 encmffs
1035 3473 1070 3509 oc
1080 3473 1113 3509 or
1124 3456 1165 3509 tis
1180 3473 1223 3509 oss
1236 3456 1317 3526 going

215 3549 318 3612 cstrcy,
329 3542 373 3605 esc.
389 3532 465 3610 (that
478 3541 511 3603 is,
525 3556 628 3610 among
640 3540 715 3595 their
728 3541 947 3596 follow-citizens
957 3539 979 3608 ς)
994 3540 1050 3595 and
1068 3547 1118 3612 yet
1132 3540 1189 3595 this
1202 3541 1251 3594 did
1266 3548 1317 3595 not

214 3633 381 3698 preventus
393 3642 434 3679 we
445 3624 517 3679 have
526 3626 594 3690 said,
606 3625 698 3681 either
706 3627 811 3698 capital
819 3626 1021 3699 punishments,
1034 3644 1067 3681 or
1076 3643 1146 3682 vvars
1157 3644 1259 3697 among
1268 3626 1317 3681 the

213 3711 355 3767 Israeliten
369 3710 545 3778 themselves
582 3710 646 3765 And
658 3711 801 3768 therefore
816 3715 865 3768 the
880 3729 957 3768 same
969 3714 1068 3777 words,
1083 3729 1116 3767 or
1130 3713 1237 3767 similar
1250 3729 1318 3784 pre.

213 3803 300 3868 cepte,
314 3795 423 3867 though
433 3801 465 3850 at
476 3801 590 3867 present
601 3796 705 3868 having
718 3815 737 3851 a
747 3799 833 3853 wider
847 3799 1087 3870 applicationem
1099 3804 1149 3853 not
1162 3815 1225 3853 now
1237 3804 1267 3853 to
1279 3798 1316 3853 bo

213 3882 331 3937 vrested
345 3887 376 3937 te
391 3881 460 3936 such
478 3898 496 3935 n
512 3899 602 3936 sense.
640 3882 704 3937 And
723 3883 780 3938 this
795 3884 845 3939 the
862 3885 924 3946 less,
947 3885 1067 3940 because
1082 3883 1131 3939 the
1146 3884 1265 3939 division
1284 3883 1319 3937 of

213 3967 351 4038 chapters,
368 3983 399 4022 as
418 3983 460 4021 we
481 3984 544 4022 now
563 3967 635 4024 have
649 3970 681 4034 it,
695 3985 751 4024 vae
771 3977 822 4024 not
839 3970 922 4025 made
942 3970 1044 4042 hythe
1064 3970 1202 4042 Apostles,
1218 3985 1271 4023 nor
1286 3970 1315 4023 in

212 4054 287 4108 their
301 4069 362 4125 age,
379 4052 433 4108 but
451 4053 536 4109 much
552 4053 626 4108 later
640 4053 686 4108 for
700 4056 887 4111 convenience
906 4056 940 4110 of
950 4056 1068 4128 reading
1081 4054 1138 4110 and
1152 4055 1314 4110 reference=

212 4139 267 4194 and
282 4137 424 4194 therefore
435 4139 511 4195 what
525 4155 586 4195 novv
599 4139 696 4211 begins
709 4140 827 4212 chapter
837 4142 894 4196 xiii.
911 4142 961 4198 Lct
975 4161 1050 4214 every
1068 4142 1127 4197 scol
1141 4144 1169 4196 he
1182 4142 1278 4213 suhjoet
1290 4150 1316 4194 to

211 4227 252 4283 tte
264 4226 354 4296 rere
367 4243 481 4299 powms,
501 4225 557 4280 and
569 4226 643 4280 what
660 4225 778 4291 follows,
790 4233 866 4282 must
880 4228 917 4282 be
931 4229 1017 4284 taken
1031 4230 1061 4283 in
1076 4227 1232 4285 connexion
1246 4226 1316 4282 vvith

210 4310 261 4369 the
271 4319 401 4386 precepta
415 4314 526 4385 against
539 4313 752 4384 recompensing
766 4313 821 4369 evil
831 4313 878 4370 for
889 4313 952 4368 evil.
