2866 4906
119 264 280 333 cavus]
401 267 492 332 QUAE
515 266 579 322 FIT
600 266 677 321 PER
698 265 841 330 LEGEM,
863 265 947 321 ETO.
1154 256 1220 323 35⁷

193 433 213 496 2
248 432 298 496 Εα
318 430 358 495 de
379 451 480 508 causa
500 429 647 497 instinctu
669 429 785 495 scilicet
806 427 952 506 naturali,
972 436 1077 497 cetera
1096 451 1220 518 quoque

115 528 284 598 animantia
305 527 386 616 proli
407 552 481 606 suse,
505 537 656 616 quantum
677 550 802 595 necesse
824 536 881 605 est,
905 527 1053 596 alimenta
1075 530 1220 617 suppedi-
1293 526 1297 534 ’

115 638 194 697 tant.
246 630 340 695 Unde
356 627 539 715 Apollonius
555 630 714 716 Tyanaeus
736 628 820 714 quod
836 628 877 694 sb
897 627 1050 716 Euripide
1069 637 1140 697 erat
1155 630 1219 697 die·
1231 653 1329 712 eume.
1339 654 1366 697 οι

116 738 193 806 tum,
210 731 378 815 (Androm.
396 749 478 794 vers.
496 729 596 811 418):
1231 701 1326 796 itit

371 845 464 902 Ἅπασι
479 845 502 901 δ’
517 844 693 917 ἀνθρώποισιν
705 844 721 914 ἡ
736 845 813 918 ψυχὴ
828 845 911 901 τέκνα.

376 950 491 1005 Cunctis
505 948 665 1005 hominibus
679 949 761 1005 liberi
776 950 834 1005 vita
847 950 946 1004 ultera.

116 1047 168 1115 Ita
183 1048 387 1117 emendabat:

370 1167 464 1226 Ἅπασι
478 1168 506 1225 δι’
523 1167 655 1239 (decessui
670 1168 747 1243 ψυχὴ
761 1168 845 1226 τέκνα.

373 1271 573 1329 Animantibus
587 1274 667 1345 quasi
680 1274 739 1328 sits
752 1281 819 1329 suut
833 1278 931 1346 partius
945 1273 1005 1328 suis

114 1369 261 1438 Plurimis
275 1392 351 1438 esne
367 1371 469 1438 allatis
486 1371 679 1460 argumentis
694 1364 821 1459 ‘quibus
837 1370 962 1437 insitum
976 1371 1059 1437 hune
1072 1369 1216 1439 affectum

114 1470 238 1556 probat,
255 1493 326 1558 quse
339 1471 447 1539 videre
463 1480 511 1537 est
525 1472 610 1559 spud
626 1470 849 1537 Philostratum
865 1470 945 1535 libro
956 1487 1013 1534 vn.
1031 1469 1133 1557 eapite
1148 1493 1217 1558 sep
1229 1496 1358 1548 οιμιιιι

114 1569 191 1636 timo
204 1579 237 1636 et
253 1580 383 1637 unaue:
408 1591 478 1636 cum
494 1592 556 1655 quo
572 1571 639 1636 loce
657 1567 772 1657 optime
788 1567 983 1635 consentitis
999 1567 1053 1656 qui
1069 1577 1118 1635 est
1133 1571 1218 1657 apud

116 1668 293 1756 Oppianum
313 1670 353 1736 de
369 1678 484 1736 venatu
500 1669 604 1746 tertio,
623 1677 657 1735 et
677 1669 717 1734 de
733 1668 853 1755 piscatu
872 1667 981 1754 primo.
1024 1668 1068 1734 Et
1088 1666 1219 1736 inDic-

108 1770 166 1855 ‘tyc
190 1769 345 1859 tragedia
368 1768 451 1835 idem
474 1768 527 1833 ille
547 1767 717 1854 Euripides¹
737 1769 818 1833 hauc
839 1782 933 1833 uuum
955 1766 1092 1832 omnium
1116 1767 1217 1856 legem
1230 1792 1377 1890 ὅσοισι.

113 1890 181 1935 esse
202 1869 256 1946 ait,
275 1890 346 1956 quse
367 1876 401 1935 et
422 1866 598 1934 hominibus
619 1866 702 1933 inter
723 1887 766 1944 sc,
788 1874 907 1932 etcum
927 1867 1040 1932 ceteris
1056 1865 1218 1934 animanti
1264 1840 1373 1891 ’Ῥω

113 1967 173 2033 bus
196 1968 365 2034 communis
382 1966 441 2034 sit:
460 1967 534 2032 hinc
552 1964 762 2054 jurisconsulti
783 1974 905 2031 veteres
921 1964 1091 2031 liberorum
1107 1967 1218 2033 educa·

115 2066 230 2132 tionem
247 2066 355 2153 adjus
371 2064 514 2132 naturale
536 2065 686 2142 referunt,
703 2064 736 2131 id
755 2071 811 2140 est,
829 2064 871 2130 ed
887 2063 964 2130 illud
980 2064 1064 2151 quod
1085 2087 1154 2130 cum
1170 2064 1216 2131 iu·
1229 2088 1361 2174 5343st

114 2165 244 2232 stinctus
272 2174 393 2231 naturae
420 2165 488 2231 cliis
515 2186 638 2251 quoque
663 2163 871 2229 animantibus
897 2162 1102 2240 commendat,
1127 2165 1217 2230 nobis
1230 2180 1383 2266 Ganga-p

112 2263 183 2351 ipsa
198 2263 371 2352 praescribit
387 2263 477 2330 ratio.
529 2265 712 2330 Naturalis
727 2264 889 2339 stimulos,
910 2270 947 2327 ut
963 2262 985 2328 J
987 2260 1158 2328 ustinianus
1172 2263 1217 2329 lo-
1228 2225 1260 2355 ἐξ
1260 2273 1293 2355 p«
1299 2273 1356 2313 Μ
1364 2273 1385 2313 n

114 2363 232 2449 quitur,
253 2363 287 2430 id
309 2371 366 2440 est,
388 2359 537 2455 στοργὴ,
553 2375 709 2450 parentes
726 2365 773 2428 nd
797 2364 970 2429 libonotum
995 2364 1216 2429 educationem
1228 2362 1381 2449 {fssgm'

113 2465 274 2529 hortatur.
318 2463 406 2528 Idem
422 2462 516 2529 olibi:
542 2465 670 2529 Filium
687 2464 738 2529 ecl
748 2463 861 2547 filiam
882 2462 971 2530 clerc
979 2463 1081 2549 patri
1096 2484 1218 2530 necnee
1229 2455 1374 2540 &pereas

111 2621 641 2680 monen11.odFrntresinEremo‚sitsmsn
689 2623 738 2670 τοῦ
753 2623 854 2682 πατρὸς
868 2621 970 2682 κλήρου·
997 2621 1073 2683 Lcocs
1090 2635 1141 2682 oue
1160 2626 1218 2670 ceto·
1229 2592 1364 2691 fflffls,

112 2698 137 2743 id
148 2711 209 2757 opus
219 2697 351 2757 Augustini
359 2703 405 2745 est.
435 2697 520 2743 Posuit
534 2711 563 2743 ea
578 2697 641 2744 Grs-
689 2710 743 2743 rum
761 2697 822 2743 inter
836 2697 940 2743 homines
950 2696 1065 2757 piurimis
1078 2696 1218 2758 differentiis

112 2772 193 2819 thum
205 2773 231 2818 in
248 2786 320 2819 causa
328 2785 389 2819 1111.
399 2772 520 2833 quiestii.
531 2774 563 2832 (c.
576 2773 602 2832 8)
615 2776 641 2820 st
689 2772 787 2818 ιἰιοίιοιιι
801 2777 920 2832 monent,
936 2773 963 2818 in
978 2773 1025 2818 hac
1036 2784 1064 2818 rs
1082 2776 1132 2818 taos
1150 2772 1219 2832 opud

112 2861 185 2893 csusa
197 2861 264 2895 xum.
279 2852 364 2909 quest.
383 2848 414 2896 iv.
432 2848 457 2894 in
471 2848 527 2896 fine.
542 2847 576 2908 (ο.
590 2848 638 2907 43).
688 2847 807 2894 tartaros
823 2862 894 2908 quum
908 2847 976 2908 opud
986 2848 1108 2895 Rossanos
1121 2862 1216 2896 comm·

112 2923 243 2983 Procopins
259 2924 412 2970 Persicorum
425 2935 435 2968 1
447 2939 454 2970 c
468 2923 491 2969 ot
511 2923 583 2983 νόμοι
601 2925 639 2984 τῷ
687 2923 749 2971 tinnt
758 2927 829 2983 etque
842 2923 986 2983 conspirant,
1002 2927 1029 2969 st
1040 2922 1126 2970 liberos
1140 2923 1217 2977 ἀοιιιί-

111 2998 293 3046 διαλλιέσσοντι
313 2998 437 3055 ἀλλήλοις
455 2999 495 3046 ἀεὶ
515 2999 542 3046 ἐν
558 3001 639 3046 πᾶσιν
688 3012 731 3044 nos
743 2998 894 3058 pronuntient
909 3012 988 3046 rerunt
1004 3013 1022 3045 α
1030 3003 1104 3059 patre
1117 3000 1215 3047 relicta·

110 3071 247 3131 ἀνθρώποις
266 3073 412 3134 μαχόμενοι,
432 3072 539 3121 ἐνταῦθα
559 3073 585 3120 ἓν
608 3074 639 3120 τι
688 3084 748 3119 rum.
765 3071 836 3131 (Cap.
847 3072 896 3129 11.)

109 3142 240 3204 Ῥωμαίοιι
255 3144 295 3191 καὶ
312 3147 378 3192 πᾶσι
391 3144 528 3204 βαρβάροις
540 3145 640 3204 {estant
693 3202 696 3209 Ι
733 3143 741 3178 ¹
756 3145 848 3205 Quibus
859 3146 954 3193 insitum
965 3146 1027 3193 istnc
1040 3147 1149 3207 affectum
1155 3161 1216 3205 pro-

110 3236 142 3264 σι
157 3219 198 3265 καὶ
214 3220 444 3278 ξυνομολογοῦνσει
459 3217 583 3272 αλλήλοις
596 3237 638 3265 xu-
688 3217 742 3279 hat]
769 3220 862 3266 Plinius
881 3235 906 3266 x.
927 3223 965 3266 83.
981 3220 1010 3266 dc
1029 3219 1214 3269 Herennianus.

110 3294 179 3352 piene
195 3293 368 3352 ἀποφαίνουσι
383 3293 443 3338 τοὺς
462 3292 555 3338 eattae
575 3293 640 3337 sivos
688 3293 780 3352 Insoetn
787 3309 877 3340 summa
884 3293 1215 3354 oequnouatnrmntetoam.

111 3506 199 3562 coucy
217 3490 353 3562 proceeds
378 3496 430 3547 not
457 3490 532 3546 from
557 3492 704 3564 expletory
722 3491 833 3561 justice,
854 3491 907 3546 but
929 3490 1005 3545 from
1030 3505 1109 3546 some
1132 3490 1216 3546 other

110 3594 218 3633 source.
263 3578 336 3632 Now
349 3578 424 3632 what
438 3593 480 3633 we
497 3576 565 3632 hero
583 3578 670 3649 spcuk
691 3577 725 3632 of
743 3578 767 3632 is
789 3576 902 3648 (except
923 3576 1004 3632 there
1024 3576 1062 3632 be
1083 3577 1115 3630 in
1135 3577 1216 3631 eddi·

111 3664 172 3719 tion
194 3680 272 3719 some
293 3663 401 3719 human
421 3661 487 3729 law)
506 3679 524 3717 s
545 3662 613 3718 debt
633 3679 667 3719 or
684 3663 740 3718 due
762 3663 792 3717 iu
813 3663 863 3718 the
879 3662 957 3718 laxet
973 3679 1062 3718 sense.
1102 3662 1140 3717 So
1158 3663 1216 3719 Va-

111 3751 197 3806 lerius
212 3750 359 3812 Maximus,
374 3746 517 3803 Plutarch.
535 3745 624 3815 [See]
667 3749 743 3803 That
756 3749 793 3804 he
807 3747 870 3803 who
890 3749 967 3820 gives
987 3750 1028 3804 tto
1042 3749 1125 3818 form
1138 3749 1216 3820 gives

110 3836 186 3891 what
207 3836 231 3891 is
252 3837 386 3907 requisite
407 3841 438 3889 to
456 3833 602 3899 theseum,
616 3835 640 3889 is
659 3852 677 3889 a
698 3835 804 3890 dictum
819 3835 853 3890 of
871 3834 1014 3890 Aristotle.
1060 3834 1216 3890 Thereiore

110 3920 148 3977 he
168 3922 231 3977 who
252 3923 277 3977 is
298 3921 347 3976 the
365 3938 449 3978 cause
471 3922 504 3976 of
523 3939 541 3976 a
561 3919 649 3975 msn’s
667 3921 815 3986 existence,
830 3920 927 3991 ought,
948 3937 979 3975 as
999 3921 1044 3975 iar
1061 3937 1092 3975 as
1110 3919 1147 3976 he
1162 3938 1215 3976 can

109 4008 167 4062 and
182 4025 212 4063 ns
226 4008 272 4062 iar
285 4025 316 4063 as
330 4009 353 4063 is
368 4023 524 4079 necessary,
543 4013 574 4062 to
588 4008 705 4080 provide
720 4007 780 4061 him
795 4006 862 4063 with
879 4006 930 4063 the
951 4006 1046 4078 things
1068 4023 1216 4082 necessary

110 4097 142 4147 to
155 4094 262 4148 human
276 4094 335 4160 life,
348 4094 412 4150 thet
426 4095 458 4158 is,
472 4094 585 4148 natural
599 4094 656 4148 and
669 4093 755 4149 socia]
769 4093 827 4149 life.

163 4184 181 4231 2
211 4179 249 4234 So
264 4180 347 4235 other
358 4179 476 4235 animals
491 4179 529 4252 by
539 4181 651 4235 natursl
665 4179 781 4234 instinct
794 4177 912 4250 provide
926 4178 972 4234 for
981 4176 1057 4233 their
1068 4177 1210 4249 offspring.

109 4262 209 4318 Hence
232 4264 397 4336 Apollonius
419 4266 556 4337 Tynnseus
577 4283 609 4320 so
631 4265 748 4321 amends
770 4265 929 4336 Euripides,
951 4263 1009 4318 snd
1028 4262 1104 4332 gives
1129 4279 1214 4337 many

109 4357 281 4420 arguments,
294 4351 385 4406 which
405 4367 453 4408 see
475 4350 506 4405 in
528 4350 730 4420 Philostratus3
751 4351 809 4407 und
826 4368 858 4409 so
872 4350 1001 4424 Appium:
1016 4347 1081 4405 and
1101 4348 1213 4425 Euripi·

104 4433 160 4491 des
174 4434 204 4489 in
218 4433 268 4491 the
281 4436 386 4509 Dictys.
