2866 4906
134 242 204 296 Car.
220 238 272 306 11.]
418 240 678 296 COMMUNITER
701 240 946 295 consputum.
1169 235 1233 298 245

133 403 300 471 mittantur
315 403 420 490 copiae,
437 397 474 469 ¹si
490 403 632 479 inermes,
651 403 733 489 quod
752 402 996 490 Agrippinenses
1009 404 1172 471 Germanis
1188 405 1234 472 di·
1246 419 1365 506 iiiam

134 504 266 569 cebant:
290 523 381 588 quem
398 525 516 568 morem
533 502 704 587 antiquitus
727 503 760 567 in
776 502 924 568 Eleorum
947 503 1075 593 regione
1091 505 1234 570 observa-

135 610 202 670 tum
221 601 342 667 notant
364 603 497 667 Strabo:
521 601 548 665 si
568 601 706 687 impensa
731 600 928 678 transeuntis,
951 601 979 667 is
1000 603 1053 689 qni
1070 603 1373 698 transitumgggvsstr

134 700 284 775 concedit,
308 699 367 765 sihi
386 699 532 786 prasidio
555 699 667 765 idonea
687 699 858 767 conducat:
889 700 944 766 msi
966 700 1089 767 obsides
1111 702 1234 780 dentur,

134 800 218 886 qnod
235 821 256 864 a
272 799 434 864 Demetrio
449 799 595 866 Seleucus
612 798 796 884 postulabat,
812 807 849 865 ut
865 820 933 864 enm
951 799 1035 865 intra
1050 799 1098 866 sui
1113 800 1237 888 imperii

135 900 212 964 fines
228 898 396 964 subsistere
418 897 543 963 sineret.
595 896 648 961 Sic
664 897 758 963 etiam
779 906 880 962 metus
896 899 937 963 ab
954 920 992 965 eo
1013 897 1046 964 in
1063 920 1155 985 quem
1172 901 1237 968 bel.

134 999 199 1063 lum
216 997 336 1084 justum
352 1007 457 1063 movet
472 997 500 1061 is
517 996 570 1082 qui
586 995 709 1072 transit,
730 995 771 1061 ad
786 997 963 1085 negandum
986 998 1151 1064 transitum
1173 1021 1237 1066 non

135 1097 229 1162 valet.
266 1098 377 1182 Neque
394 1096 493 1184 magis
508 1094 733 1160 admittendum
750 1094 777 1160 si
791 1095 884 1172 dicas,
902 1106 934 1162 et
950 1095 1013 1162 elia
1028 1118 1118 1183 posse
1134 1107 1236 1165 hans·

136 1195 195 1261 iri:
220 1195 404 1260 tantundem
419 1195 502 1260 enim
523 1193 624 1281 quivis
639 1192 768 1272 diceret,
790 1202 885 1279 atque
902 1216 939 1260 eo
956 1195 1046 1260 modo
1065 1194 1117 1282 jus
1133 1206 1236 1263 trans·

135 1294 229 1360 eundi
254 1293 347 1380 plane
377 1293 628 1360 interimeretur:
658 1292 713 1358 sed
738 1293 815 1357 satis
841 1300 890 1359 est
913 1293 939 1358 si
964 1293 1030 1359 sine
1059 1294 1131 1359 dolo
1154 1296 1236 1361 malo

136 1391 287 1459 transitus
312 1392 496 1479 postuletur,
526 1413 589 1478 qua
616 1391 792 1478 proximum
820 1413 857 1456 ac
880 1391 1157 1459 commodissimum
1178 1401 1235 1461 est.

136 1493 236 1558 Plane
258 1491 285 1557 si
300 1489 446 1576 injustum
463 1500 587 1557 moveat
607 1489 731 1565 bellum,
746 1489 800 1575 qui
821 1490 955 1556 transire
967 1490 1044 1568 vult,
1070 1492 1117 1558 ¹¹si
1131 1492 1238 1558 hostes

137 1613 222 1656 meos
246 1612 349 1656 seeum
366 1592 469 1665 ducat,
492 1611 609 1678 negare
631 1588 796 1654 transitum
819 1597 949 1674 potero:
974 1598 1101 1657 namet
1124 1591 1158 1656 in
1181 1613 1237 1657 suo

137 1689 234 1778 ipsius
250 1689 316 1755 solo
333 1688 362 1755 ei
379 1710 541 1755 occurrere
558 1697 653 1774 atque
671 1687 733 1774 iter
747 1685 898 1772 impedire
914 1687 963 1753 ias
979 1697 1073 1755 esset

208 1792 229 1855 5
263 1789 376 1874 Neque
391 1810 467 1854 vero
489 1788 629 1874 personis
648 1795 780 1862 tantum,
797 1785 852 1851 sed
865 1795 898 1853 et
912 1787 1067 1854 mercibus
1087 1787 1238 1855 transitus

138 1888 281 1954 debetur.
332 1888 431 1952 ¹Nam
446 1885 609 1972 quominus
624 1907 702 1974 gens
718 1905 849 1970 qunque
868 1907 937 1950 enm
954 1885 1065 1972 quavis
1080 1895 1176 1977 gente
1191 1909 1239 1953 se-

138 1986 240 2073 posita
258 1986 475 2053 commercium
497 1986 588 2061 colat,
607 1982 796 2071 impediendi
812 1984 927 2049 nemini
940 1985 993 2070 jus
1013 1993 1081 2054 este
1105 1985 1139 2052 id
1156 1986 1239 2052 enim

137 2085 276 2172 permitti
297 2085 429 2152 interest
450 2082 608 2151 societatis
632 2083 799 2159 humanae;
824 2103 882 2148 neo
903 2083 1046 2168 cuiquam
1069 2084 1183 2151 damno
1205 2085 1239 2151 id

138 2195 205 2251 est:
230 2207 302 2251 nam
315 2184 410 2253 etiam
425 2184 452 2251 si
468 2183 518 2250 eui
539 2183 659 2249 luorum
673 2191 842 2270 speratum,
867 2181 923 2247 sed
938 2203 1001 2248 non
1017 2182 1166 2259 debitum,
1184 2183 1241 2250 de·

139 2361 310 2409 Barbarossnm
321 2366 347 2410 et
354 2361 458 2409 Isacinm
466 2361 588 2422 Angelum
599 2360 664 2420 apud
714 2363 850 2422 eerptonem
858 2357 965 2406 invenire
974 2356 1063 2419 potul]

139 2435 250 2482 Nicetam
264 2437 326 2482 libro
340 2450 370 2484 11.
387 2437 454 2496 (esp.
464 2439 480 2481 4
490 2442 515 2482 et
524 2437 554 2493 7)
570 2437 600 2482 de
614 2436 665 2482 vita
758 2442 777 2467 ¹¹·
792 2432 821 2482 Si
830 2432 921 2479 obsides
933 2432 1031 2494 danus]
1043 2432 1188 2494 Exemplum
1197 2435 1240 2483 tn·

139 2511 245 2570 ejusdem
256 2512 325 2558 leuch
335 2511 428 2571 aliquot
436 2510 508 2557 locis:
523 2510 548 2556 in
564 2508 664 2570 imperio
714 2511 757 2556 bes
769 2509 880 2569 Procopii
890 2509 1040 2556 Persicorum
1052 2522 1084 2557 ιι.

141 2586 282 2632 Germanico
292 2585 419 2632 transitum
426 2585 550 2646 postulans
557 2585 588 2630 de
597 2585 664 2630 dam-
759 2585 816 2631 *Si
833 2583 1165 2645 emmerammenses]
1188 2584 1242 2632 Hoc

139 2660 327 2707 noresarciendo
337 2663 415 2706 cereta
425 2659 479 2704 vide
489 2663 515 2705 et
526 2656 664 2704 Crentzinm
715 2659 827 2706 diccunt
836 2659 933 2714 Franci,
948 2659 990 2718 qni
1004 2659 1030 2704 in
1044 2659 1150 2706 Venetia
1164 2666 1241 2720 ment,

140 2731 665 2792 saaeonamx.uuene0nm1nsuqt·
715 2734 812 2781 Narseti
833 2734 1007 2794 Longobardoe
1028 2749 1109 2782 mcum
1137 2736 1242 2794 ducenti,

140 2810 181 2856 cie.
212 2809 294 2856 Cesar
309 2809 426 2855 Helvetiis
445 2808 493 2854 iter
507 2820 552 2867 per
567 2808 663 2866 provin·
716 2808 928 2855 Gotthicornmrv.
942 2808 1241 2870 (eenfflet.Mieo.o.2d).

140 2883 201 2928 ciam
217 2884 295 2930 noluit
316 2884 453 2939 ooncedere,
473 2882 539 2943 quod
557 2881 665 2927 homines
716 2885 863 2945 Alianegsti
873 2885 965 2932 itineris
975 2886 1167 2946 exemplshabee
1177 2889 1243 2948 apud

139 2958 234 3004 inimico
244 2959 324 3004 animo
334 2959 484 3006 existimabat
498 2971 546 3002 non
560 2962 665 3015 temper·
715 2961 833 3007 Bembnm
854 2961 916 3007 libro
932 2973 978 3007 vra
998 2962 1137 3009 Italicorum
1163 2962 1243 3024 [Birt.

139 3038 220 3076 aturos
229 3032 260 3076 nb
270 3031 361 3092 injuriis
371 3036 397 3079 et
409 3031 538 3078 maleficio:
550 3031 590 3077 De
595 3030 664 3076 Bello
719 3033 794 3082 Vener.
802 3036 885 3082 eodem
895 3035 957 3089 loco,
968 3036 1009 3098 qni
1018 3037 1117 3085 inlicta
1125 3044 1243 3099 antepen-

142 3104 245 3163 Galls'co‚
265 3106 318 3154 Lib.
335 3123 353 3155 1.
381 3106 444 3167 [esp.
462 3108 485 3165 7,
503 3108 527 3154 8.
562 3107 600 3152 Ex
616 3119 665 3165 qno
714 3108 800 3154 ultima
823 3108 943 3156 indicatus
964 3109 1024 3170 eetz]
1047 3113 1112 3171 epnd
1128 3113 1243 3160 Purntam

139 3181 248 3226 Auctore
269 3181 301 3227 sit
321 3181 471 3241 Excerptam
485 3182 571 3241 Legat.
596 3180 665 3227 initio
715 3183 777 3229 libro
787 3183 904 3231 [sutoriae
917 3183 1012 3242 Veneta,
1027 3199 1052 3233 v.
1063 3191 1134 3234 etur.

140 3255 212 3300 istius
229 3260 293 3301 notre
311 3256 450 3312 indicatum,
465 3257 546 3301 omisit
563 3255 664 3314 Auctor,
762 3257 1087 3315 'VidePurnnnour1nrs,
1115 3261 1155 3306 De
1178 3260 1244 3309 Jure

141 3333 183 3373 ant
203 3329 384 3388 Typogrnphus,
408 3329 432 3374 in
453 3330 563 3376 omnibus
588 3331 665 3378 Editt.
716 3332 890 3380 NatetGeut.
906 3333 1171 3395 Lib.1rr.oep.3,§6,
1187 3349 1242 3382 enm

142 3414 186 3446 neo
202 3402 227 3446 in
245 3402 295 3448 ulla
313 3402 461 3475 collectione
478 3405 594 3464 eiusmdi
610 3405 665 3451 Ee·
716 3407 788 3453 Notis
798 3406 893 3453 nostrie.
923 3406 951 3454 J.
963 3406 996 3452 B.

144 3613 282 3686 hostsges.
328 3617 367 3672 So
389 3625 438 3674 too
452 3619 514 3675 sear
534 3621 568 3677 of
587 3639 644 3677 nar
657 3623 730 3678 from
747 3622 807 3676 him
827 3624 936 3694 against
953 3621 1045 3677 whom
1062 3621 1112 3678 the
1130 3624 1244 3678 transit-

143 3702 243 3756 seelror
256 3703 382 3759 makesa
396 3705 541 3776 righteous
555 3724 621 3773 war,
635 3708 703 3763 does
715 3715 766 3763 not
779 3709 881 3780 justify
894 3708 953 3763 hini
968 3710 997 3763 in
1012 3709 1145 3780 refusing.
1182 3709 1245 3763 Nor

142 3788 165 3841 is
187 3789 210 3841 it
231 3790 343 3860 enough
366 3798 397 3845 to
413 3808 463 3862 say
483 3792 547 3847 that
561 3791 598 3847 hc
613 3811 678 3865 may
696 3811 761 3865 pass
778 3794 897 3849 another
917 3812 992 3866 seyr
1023 3795 1068 3850 for
1088 3810 1173 3866 every
1191 3811 1245 3850 one

143 3872 235 3943 might
250 3891 299 3945 say
314 3875 363 3930 the
378 3893 463 3940 samo,
477 3877 533 3930 and
545 3877 612 3933 thus
627 3878 675 3933 the
690 3878 779 3951 Right
793 3880 827 3934 of
842 3881 955 3935 Transit
971 3880 1008 3935 be
1022 3881 1180 3952 destroyed.
1218 3880 1246 3936 It

142 3959 165 4013 is
181 3959 294 4030 enough
314 3960 341 4014 if
358 3959 395 4015 he
409 3978 474 4032 pass
493 3964 561 4017 bend
575 3965 632 4035 fide
651 3964 757 4035 hythe
775 3965 967 4020 shortestand
985 3973 1059 4021 most
1078 3966 1247 4020 convenient

143 4060 212 4115 way.
259 4045 290 4099 If
304 4046 407 4102 indeed
421 4047 458 4103 ha
480 4047 543 4102 who
557 4049 637 4103 socks
649 4051 749 4104 transit
763 4051 859 4121 makes
871 4068 908 4105 an
921 4052 1015 4122 unjust
1025 4068 1090 4116 war,
1105 4067 1137 4105 or
1150 4051 1247 4122 brings

144 4145 192 4198 my
207 4132 330 4186 cnemics
344 4132 411 4187 with
426 4132 494 4198 him,
514 4134 609 4206 Imay
624 4135 698 4207 dony
716 4135 766 4190 the
778 4138 896 4202 transit3
917 4136 963 4191 for
981 4138 1011 4191 in
1025 4136 1095 4193 such
1113 4151 1131 4189 a
1151 4151 1214 4190 caso
1232 4135 1248 4189 1

145 4211 236 4281 might
250 4222 327 4271 meet
338 4216 398 4271 him
410 4233 447 4272 on
459 4217 503 4275 his
518 4235 580 4274 own
594 4220 704 4292 ground
717 4221 773 4275 and
788 4228 851 4295 stop
865 4222 909 4278 his
923 4240 992 4296 way.

201 4305 218 4349 5
254 4300 367 4356 Transit
382 4303 405 4356 is
426 4309 457 4359 to
473 4306 509 4360 he
523 4306 642 4376 granted
660 4312 711 4359 not
726 4307 792 4379 only
803 4314 834 4362 to
852 4325 977 4380 persons,
992 4307 1044 4361 hut
1058 4311 1089 4360 to
1102 4303 1248 4358 merchan-

146 4380 224 4445 dize;
241 4382 287 4436 for
300 4401 338 4439 no
351 4402 405 4442 one
416 4388 467 4444 has
479 4406 497 4445 a
511 4390 586 4462 right
601 4398 632 4446 to
646 4390 760 4462 impede
772 4409 827 4448 one
839 4394 936 4448 radon
947 4395 977 4447 in
992 4388 1157 4459 cultivatiug
1167 4389 1249 4445 trade
