2866 4906
681 415 825 484 CAPUT
849 417 889 483 V.

492 585 562 651 om
582 583 742 640 BELLUM
763 583 891 640 meme
915 581 1081 640 (seem.

255 743 280 799 1.
323 739 761 812 Bellimweeefi'eetrieeeeliae
895 739 1109 795 ooseterehds'tos.

321 827 708 902 meprleelpolesesmns
809 825 861 883 1v.
898 826 1336 898 Natercejareoems'eemahello

245 913 285 970 11.
323 913 382 970 Aet
393 917 549 989 adjuvantes
557 914 588 968 s‘n
599 913 705 968 allero.-
891 912 1037 987 prohiberi.

234 1001 288 1057 111.
320 1000 400 1057 Aliae
416 1000 638 1065 instrumentales,
658 1007 689 1052 et
704 1015 760 1054 eer-

234 1137 261 1204 1.
385 1142 413 1211 Τ
438 1141 472 1208 in
497 1141 566 1209 aliis
588 1141 694 1218 rebus,
714 1139 760 1207 ita
780 1145 814 1206 et
838 1138 871 1205 in
890 1141 1058 1207 voluntatis
1079 1141 1248 1212 eletionibus
1272 1144 1336 1210 trin

409 1263 477 1310 esee
499 1241 600 1311 solent
620 1239 814 1307 effieientium
830 1261 958 1329 genera,
975 1240 1170 1330 principales,
1186 1242 1337 1329 adjuven-

237 1351 296 1421 tes,
313 1348 347 1409 et
365 1341 582 1411 imtrnmente.
634 1341 737 1408 (leuse
758 1339 899 1407 effectrix
915 1339 1094 1428 principalis
1118 1341 1151 1408 in
1173 1342 1255 1409 bello
1271 1343 1337 1430 ple·

236 1463 369 1529 rumque
383 1448 432 1509 est
452 1440 492 1520 is,
514 1441 603 1528 eujus
620 1460 672 1506 res
694 1438 820 1529 egitur:
836 1438 870 1506 in
886 1441 1010 1528 privato
1026 1441 1185 1529 privatus:
1210 1442 1244 1507 in
1259 1444 1337 1529 pnh

236 1543 295 1608 lieo
320 1549 460 1632 potestas
479 1541 612 1628 publiea,
629 1539 763 1605 maxime
779 1560 907 1605 summe.
960 1541 1011 1606 An
1033 1548 1066 1607 et
1085 1563 1143 1630 pro
1166 1540 1235 1607 aliis
1259 1542 1336 1608 nihil

236 1641 432 1708 monentibus
460 1639 575 1706 bellum
601 1639 721 1705 moveri
753 1639 794 1706 ab
826 1639 887 1704 elio
916 1640 1021 1727 pessit,
1045 1640 1120 1708 alibi
1149 1640 1334 1708 ridebimus.

236 1741 320 1807 Illud
344 1738 470 1807 interim
491 1738 674 1816 tenebimus,
700 1737 886 1805 naturaliter
912 1761 1067 1830 quemque
1095 1738 1243 1829 suijuris
1268 1763 1336 1809 esse

236 1839 410 1907 windieem:
435 1839 506 1906 ideo
522 1861 632 1906 menne
648 1839 737 1905 nobis
754 1839 846 1904 deta.

70 1957 201 2046 2²⁸2*ss
310 1937 365 2006 11:
402 1943 422 2007 1
455 1939 520 2007 Sed
544 1947 578 2007 et
598 1938 691 2007 elteri
714 1938 863 2027 prodesse
882 1959 955 2025 quse
969 1938 1121 2027 possimus
1136 1961 1199 2006 non
1216 1938 1335 2007 licitum

71 2032 219 2137 mlv?
237 2039 339 2118 modo,
352 2039 408 2106 sed
423 2047 456 2106 et
471 2039 634 2106 honestem
651 2047 708 2105 est.
754 2039 854 2104 Reote
874 2037 928 2125 qni
948 2039 988 2105 de
1013 2039 1118 2105 offioiis
1134 2039 1334 2128 seripserunt,

71 2123 210 2229 gagg,
238 2140 336 2218 aiunt,
359 2139 437 2206 nnn
459 2161 527 2206 ese
548 2138 666 2206 nomm
690 2137 795 2206 uenus
816 2138 941 2204 nomino
965 2138 1073 2206 eom.
1126 2140 1207 2206 eunt
1230 2150 1336 2207 auem

71 2235 196 2321 'dm‘
238 2238 361 2308 diverse
376 2238 534 2306 hominnm
549 2238 632 2310 inter
652 2262 686 2305 se
709 2237 839 2316 vineole,
866 2260 938 2326 queo
961 2238 1002 2306 ad
1025 2247 1163 2307 mutuam
1180 2261 1271 2328 opem
1289 2239 1337 2306 in·

73 2327 154 2376 (Μ
237 2339 356 2408 vitent:
381 2361 453 2408 nem
474 2347 508 2408 et
527 2339 652 2432 eogneti
676 2338 718 2405 ad
742 2359 833 2425 opem
852 2336 1013 2405 ferendam
1034 2346 1156 2417 eohunt,
1182 2347 1216 2406 et
1243 2338 1336 2406 vieini

236 2438 453 2519 inclamantur,
480 2448 515 2509 et
540 2439 594 2526 qui
615 2438 754 2525 ejusdem
783 2436 918 2506 evitetis
943 2445 1017 2506 sunt
1041 2438 1226 2526 participem
1251 2441 1336 2507 unde

69 2555 168 2643 ΛΜΝ
236 2537 331 2606 illud:
353 2543 464 2607 Porro
485 2541 640 2620 Quirites,
664 2550 695 2605 et
718 2539 886 2624 quiriters'.
936 2537 1122 2605 Aristoteles
1138 2537 1225 2616 dixit,
1243 2561 1335 2626 opor-

122 2629 127 2640 ’
236 2645 304 2704 tere
320 2659 474 2726 quemque
489 2646 545 2703 aut
562 2659 619 2725 pro
636 2658 670 2702 se
686 2657 775 2703 erma
792 2658 924 2715 sumere,
949 2636 976 2702 si
1000 2636 1145 2725 injuriam
1167 2638 1333 2726 eeoeperit‚

279 2815 291 2842 ⁸
305 2806 390 2868 Solon]
409 2806 491 2854 verbe
505 2808 557 2854 hoo
570 2806 714 2854 l’lntarohus
724 2820 761 2853 re·
810 2806 922 2864 κοῦμινοι
935 2805 1128 2867 τροβαλλονται
1143 2807 1185 2854 erni
1200 2807 1334 2867 κολάζουσι

235 2883 283 2929 lert
305 2882 370 2942 (Vel.
387 2881 467 2929 Soloe.
483 2897 507 2943 p.
523 2884 554 2930 88
570 2881 618 2941 n)=
640 2883 692 2927 τῶν
711 2881 761 2927 τό·
809 2879 1033 2927 mordinatum·
1050 2880 1179 2929 Civilem
1190 2882 1333 2943 illesehere

234 2953 299 3001 λιων
318 2952 447 3000 κάλλιστα
465 2954 572 2999 οἰκεῖται
597 2952 677 3007 lecim
698 2953 725 2998 lv
744 2951 763 3014 ᾖ
808 2957 866 3002 eine
881 2958 975 3014 oolam,
993 2959 1019 3004 in
1034 2972 1083 3019 qua
1099 2959 1141 3020 qui
1155 2958 1269 3017 lsv'urian
1288 2974 1334 3005 non

237 3030 289 3075 reis
300 3027 464 3088 a'lsxovplm
478 3029 526 3088 οὐχ
534 3025 646 3084 ἧττονοὶ
660 3024 695 3085 μή
709 3028 762 3075 α’ὄι·
808 3045 906 3090 emm,
915 3034 937 3079 ei
951 3047 1000 3079 non
1014 3035 1090 3081 nim
1104 3049 1175 3096 quen
1189 3036 1231 3096 qm*
1244 3047 1335 3081 me

426 3282 562 3338 (imm
579 3283 616 3339 V.
642 3239 646 3250 υ
666 3284 735 3339 Wlo
748 3303 813 3358 may
828 3286 954 3362 lewfully
967 3287 1044 3343 maes
1057 3305 1127 3345 war.

288 3400 311 3455 1.
342 3400 381 3455 As
393 3401 422 3455 in
437 3402 519 3458 other
529 3401 632 3475 things,
645 3419 676 3458 so
688 3404 718 3457 in
729 3403 778 3459 the
792 3406 899 3461 eetions
913 3405 947 3460 ol
958 3405 1007 3461 the
1019 3405 1082 3471 will,
1096 3405 1178 3461 there
1192 3422 1242 3460 ere
1257 3422 1333 3461 eom-

235 3485 332 3557 monly
346 3485 426 3540 three
439 3488 521 3543 kinds
533 3488 568 3542 of
576 3490 696 3544 effleient
708 3506 821 3554 eeuses;
839 3491 888 3546 the
898 3491 1044 3563 prineipa1‚
1055 3491 1105 3547 the
1117 3491 1262 3563 miliar-y,
1276 3492 1333 3546 and

235 3569 286 3624 the
300 3571 491 3627 instrumente.
515 3573 576 3628 The
587 3576 724 3648 prinoipel
737 3576 864 3631 effeotiwe
876 3593 959 3632 oense
974 3578 1003 3631 in
1015 3578 1106 3633 weris
1121 3577 1281 3649 commonly
1295 3576 1332 3632 he

235 3653 329 3710 whose
337 3656 485 3711 interestis
493 3660 666 3726 eonoerned;
684 3662 714 3714 in
724 3662 833 3732 private
841 3679 905 3727 wer,
916 3678 934 3716 e
944 3664 1053 3733 private
1064 3679 1184 3735 person3
1198 3664 1227 3716 in
1236 3662 1333 3734 publio

235 3757 300 3805 wer,
312 3741 431 3813 epublic
440 3758 541 3812 power,
552 3746 696 3817 generally
707 3764 725 3800 e
733 3749 879 3818 sovereign
888 3764 989 3819 power.
1015 3748 1151 3804 whether
1158 3765 1215 3802 war
1223 3765 1289 3820 may
1297 3748 1333 3803 be

235 3827 319 3881 mede
333 3827 370 3898 by
384 3826 512 3893 another,
526 3828 573 3883 for
586 3829 667 3886 those
681 3831 743 3886 who
758 3833 795 3888 do
807 3839 858 3888 not
869 3834 1035 3889 themselves
1047 3835 1099 3890 stir
1112 3835 1143 3887 in
1159 3835 1190 3898 it,
1203 3850 1245 3888 we
1260 3833 1333 3889 shall

235 3926 283 3966 see
298 3910 455 3967 elsewhere.
493 3913 528 3967 In
549 3914 597 3969 the
615 3933 698 3970 mean
716 3918 784 3973 time
798 3935 840 3974 we
860 3917 927 3974 hold
947 3921 985 3987 by
999 3918 1054 3974 thie
1074 3920 1195 3985 mexim;
1213 3919 1277 3974 that
1295 3919 1333 3991 by

234 3996 355 4050 Natural
368 3997 443 4063 Lew,
453 4013 537 4071 every
548 4016 602 4056 one
613 4002 637 4056 is
649 4002 697 4057 the
709 4005 909 4061 vindicatores
917 4004 961 4061 his
973 4022 1035 4060 own
1046 4005 1137 4077 right:
1158 4005 1246 4060 thisis
1258 4004 1333 4060 what

234 4080 324 4138 hands
339 4099 411 4138 were
426 4083 508 4153 given
523 4085 576 4139 sor.

288 4169 327 4225 H.
359 4175 373 4222 l
392 4169 449 4223 But
459 4168 582 4225 further:
598 4178 629 4226 to
640 4171 706 4246 help
714 4175 835 4232 another
846 4175 927 4231 when
938 4193 980 4232 we
993 4194 1055 4243 een,
1066 4178 1090 4232 is
1099 4183 1150 4233 not
1161 4177 1228 4250 only
1235 4176 1332 4232 lawful

232 4252 285 4308 hut
290 4270 403 4328 proper.
428 4255 520 4313 These
531 4256 593 4312 who
605 4256 677 4316 heve
687 4261 799 4317 written
806 4261 840 4317 of
848 4261 958 4329 Duties,
969 4262 1073 4337 rightly
1082 4262 1202 4337 seythet
1212 4263 1333 4334 nothing
