<?xml version="1.0" encoding="UTF-8"?>
<!DOCTYPE html PUBLIC "-//W3C//DTD XHTML 1.0 Transitional//EN"
    "http://www.w3.org/TR/xhtml1/DTD/xhtml1-transitional.dtd">
<html xmlns="http://www.w3.org/1999/xhtml" xml:lang="en" lang="en">
 <head>
  <title>
</title>
<meta http-equiv="Content-Type" content="text/html;charset=utf-8" />
  <meta name='ocr-system' content='tesseract 3.04.00' />
  <meta name='ocr-capabilities' content='ocr_page ocr_carea ocr_par ocr_line ocrx_word'/>
</head>
<body>
  <div class='ocr_page' id='page_1' title='image "./hugonisgrotiide00barbgoog_0036.png"; bbox 0 0 2866 4906; ppageno 0'>
   <div class='ocr_carea' id='block_1_1' title="bbox 217 150 952 225">
    <p class='ocr_par' dir='ltr' id='par_1_1' title="bbox 217 150 952 225">
     <span class='ocr_line' id='line_1_1' title="bbox 217 150 952 225; baseline 0.015 -11"><span class='ocrx_word' id='word_1_1' title='bbox 217 150 302 214; x_wconf 69' lang='lat' dir='ltr'><strong>mii</strong></span> <span class='ocrx_word' id='word_1_2' title='bbox 639 166 667 220; x_wconf 78' lang='lat' dir='ltr'><strong>J.</strong></span> <span class='ocrx_word' id='word_1_3' title='bbox 692 165 952 225; x_wconf 81' lang='lat' dir='ltr'><strong>BARBEYRAGII</strong></span> 
     </span>
    </p>
   </div>
   <div class='ocr_carea' id='block_1_2' title="bbox 199 327 1372 3493">
    <p class='ocr_par' dir='ltr' id='par_1_2' title="bbox 207 327 1372 2006">
     <span class='ocr_line' id='line_1_2' title="bbox 214 327 1372 427; baseline 0.011 -33"><span class='ocrx_word' id='word_1_4' title='bbox 214 338 336 395; x_wconf 85' lang='lat' dir='ltr'><strong>nostras</strong></span> <span class='ocrx_word' id='word_1_5' title='bbox 353 329 385 394; x_wconf 93' lang='lat' dir='ltr'><strong>in</strong></span> <span class='ocrx_word' id='word_1_6' title='bbox 402 329 458 395; x_wconf 87' lang='lat' dir='ltr'><strong>hos</strong></span> <span class='ocrx_word' id='word_1_7' title='bbox 474 327 558 416; x_wconf 89' lang='lat' dir='ltr'><strong>ipsos</strong></span> <span class='ocrx_word' id='word_1_8' title='bbox 575 329 686 396; x_wconf 90' lang='lat' dir='ltr'><strong>Libros</strong></span> <span class='ocrx_word' id='word_1_9' title='bbox 709 334 761 398; x_wconf 83' lang='lat' dir='ltr'><strong>De</strong></span> <span class='ocrx_word' id='word_1_10' title='bbox 775 335 859 398; x_wconf 84' lang='lat' dir='ltr'><strong>Jure</strong></span> <span class='ocrx_word' id='word_1_11' title='bbox 874 334 963 399; x_wconf 83' lang='lat' dir='ltr'><strong>Belli</strong></span> <span class='ocrx_word' id='word_1_12' title='bbox 979 357 1021 400; x_wconf 85' lang='lat' dir='ltr'><strong>ac</strong></span> <span class='ocrx_word' id='word_1_13' title='bbox 1037 337 1149 414; x_wconf 68' lang='lat' dir='ltr'><strong>Pacab,</strong></span> <span class='ocrx_word' id='word_1_14' title='bbox 1174 339 1228 427; x_wconf 91' lang='lat' dir='ltr'><strong>qui</strong></span> <span class='ocrx_word' id='word_1_15' title='bbox 1253 341 1372 411; x_wconf 85' lang='lat' dir='ltr'><strong>Gallice</strong></span> 
     </span>
     <span class='ocr_line' id='line_1_3' title="bbox 216 429 1368 526; baseline 0.013 -32"><span class='ocrx_word' id='word_1_16' title='bbox 216 429 308 505; x_wconf 79' lang='lat' dir='ltr'><strong>versi,</strong></span> <span class='ocrx_word' id='word_1_17' title='bbox 323 429 408 494; x_wconf 89' lang='lat' dir='ltr'><strong>haud</strong></span> <span class='ocrx_word' id='word_1_18' title='bbox 423 429 468 494; x_wconf 88' lang='lat' dir='ltr'><strong>ita</strong></span> <span class='ocrx_word' id='word_1_19' title='bbox 484 438 555 515; x_wconf 91' lang='lat' dir='ltr'><strong>post</strong></span> <span class='ocrx_word' id='word_1_20' title='bbox 571 430 698 518; x_wconf 83' lang='lat' dir='ltr'><strong>longum</strong></span> <span class='ocrx_word' id='word_1_21' title='bbox 711 439 842 518; x_wconf 89' lang='lat' dir='ltr'><strong>tempus,</strong></span> <span class='ocrx_word' id='word_1_22' title='bbox 857 433 925 497; x_wconf 91' lang='lat' dir='ltr'><strong>Deo</strong></span> <span class='ocrx_word' id='word_1_23' title='bbox 939 434 1044 511; x_wconf 87' lang='lat' dir='ltr'><strong>dante,</strong></span> <span class='ocrx_word' id='word_1_24' title='bbox 1061 438 1175 522; x_wconf 87' lang='lat' dir='ltr'>publici</span> <span class='ocrx_word' id='word_1_25' title='bbox 1186 440 1269 526; x_wconf 90' lang='lat' dir='ltr'><strong>juris</strong></span> <span class='ocrx_word' id='word_1_26' title='bbox 1284 441 1368 510; x_wconf 85' lang='lat' dir='ltr'><strong>fient.</strong></span> 
     </span>
     <span class='ocr_line' id='line_1_4' title="bbox 216 527 1369 626; baseline 0.015 -35"><span class='ocrx_word' id='word_1_27' title='bbox 216 528 266 592; x_wconf 86' lang='lat' dir='ltr'><strong>Ex</strong></span> <span class='ocrx_word' id='word_1_28' title='bbox 282 527 342 593; x_wconf 88' lang='lat' dir='ltr'><strong>illis</strong></span> <span class='ocrx_word' id='word_1_29' title='bbox 359 527 560 595; x_wconf 77' lang='lat' dir='ltr'>versionibus</span> <span class='ocrx_word' id='word_1_30' title='bbox 580 529 704 606; x_wconf 85' lang='lat' dir='ltr'><strong>nostris,</strong></span> <span class='ocrx_word' id='word_1_31' title='bbox 726 529 772 595; x_wconf 84' lang='lat' dir='ltr'><strong>ita</strong></span> <span class='ocrx_word' id='word_1_32' title='bbox 787 530 957 607; x_wconf 88' lang='lat' dir='ltr'><strong>adornatis,</strong></span> <span class='ocrx_word' id='word_1_33' title='bbox 981 533 1046 619; x_wconf 91' lang='lat' dir='ltr'><strong>peti</strong></span> <span class='ocrx_word' id='word_1_34' title='bbox 1062 537 1187 621; x_wconf 89' lang='lat' dir='ltr'><strong>poterit,</strong></span> <span class='ocrx_word' id='word_1_35' title='bbox 1212 549 1248 607; x_wconf 93' lang='grc' dir='ltr'><strong>ιιι</strong></span> <span class='ocrx_word' id='word_1_36' title='bbox 1263 562 1369 626; x_wconf 89' lang='lat' dir='ltr'><strong>spera·</strong></span> 
     </span>
     <span class='ocr_line' id='line_1_5' title="bbox 214 625 1368 721; baseline 0.014 -31"><span class='ocrx_word' id='word_1_37' title='bbox 214 648 292 704; x_wconf 93' lang='lat' dir='ltr'><strong>mus,</strong></span> <span class='ocrx_word' id='word_1_38' title='bbox 310 627 414 714; x_wconf 90' lang='lat' dir='ltr'><strong>justus</strong></span> <span class='ocrx_word' id='word_1_39' title='bbox 435 625 467 691; x_wconf 93' lang='lat' dir='ltr'><strong>in</strong></span> <span class='ocrx_word' id='word_1_40' title='bbox 490 636 657 714; x_wconf 90' lang='lat' dir='ltr'><strong>utrumque</strong></span> <span class='ocrx_word' id='word_1_41' title='bbox 676 629 844 694; x_wconf 78' lang='lat' dir='ltr'><strong>Auctorem</strong></span> <span class='ocrx_word' id='word_1_42' title='bbox 862 630 1120 710; x_wconf 85' lang='lat' dir='ltr'><strong>Commentarius,</strong></span> <span class='ocrx_word' id='word_1_43' title='bbox 1145 637 1198 721; x_wconf 90' lang='lat' dir='ltr'><strong>qui</strong></span> <span class='ocrx_word' id='word_1_44' title='bbox 1214 646 1247 703; x_wconf 85' lang='lat' dir='ltr'><strong>et</strong></span> <span class='ocrx_word' id='word_1_45' title='bbox 1263 640 1304 705; x_wconf 89' lang='lat' dir='ltr'><strong>ad</strong></span> <span class='ocrx_word' id='word_1_46' title='bbox 1322 639 1368 705; x_wconf 91' lang='lat' dir='ltr'><strong>in·</strong></span> 
     </span>
     <span class='ocr_line' id='line_1_6' title="bbox 214 726 1367 824; baseline 0.01 -31"><span class='ocrx_word' id='word_1_47' title='bbox 214 726 397 814; x_wconf 89' lang='lat' dir='ltr'><strong>telligendos</strong></span> <span class='ocrx_word' id='word_1_48' title='bbox 414 726 491 792; x_wconf 91' lang='lat' dir='ltr'><strong>duos</strong></span> <span class='ocrx_word' id='word_1_49' title='bbox 506 726 574 792; x_wconf 89' lang='lat' dir='ltr'><strong>illos</strong></span> <span class='ocrx_word' id='word_1_50' title='bbox 589 728 612 793; x_wconf 83' lang='lat' dir='ltr'><strong>J</strong></span> <span class='ocrx_word' id='word_1_51' title='bbox 615 727 679 792; x_wconf 90' lang='lat' dir='ltr'><strong>uris</strong></span> <span class='ocrx_word' id='word_1_52' title='bbox 693 728 855 793; x_wconf 86' lang='lat' dir='ltr'><strong>Naturalis</strong></span> <span class='ocrx_word' id='word_1_53' title='bbox 869 739 902 794; x_wconf 91' lang='lat' dir='ltr'><strong>et</strong></span> <span class='ocrx_word' id='word_1_54' title='bbox 919 730 1066 798; x_wconf 84' lang='lat' dir='ltr'><strong>Gentium</strong></span> <span class='ocrx_word' id='word_1_55' title='bbox 1085 733 1279 822; x_wconf 91' lang='lat' dir='ltr'><strong>Interpretes</strong></span> <span class='ocrx_word' id='word_1_56' title='bbox 1300 740 1367 824; x_wconf 87' lang='lat' dir='ltr'><strong>pal·</strong></span> 
     </span>
     <span class='ocr_line' id='line_1_7' title="bbox 213 825 1367 925; baseline 0.014 -35"><span class='ocrx_word' id='word_1_57' title='bbox 213 826 336 903; x_wconf 84' lang='lat' dir='ltr'><strong>marios,</strong></span> <span class='ocrx_word' id='word_1_58' title='bbox 360 825 448 893; x_wconf 88' lang='lat' dir='ltr'><strong>etad</strong></span> <span class='ocrx_word' id='word_1_59' title='bbox 465 825 574 892; x_wconf 89' lang='lat' dir='ltr'><strong>intima</strong></span> <span class='ocrx_word' id='word_1_60' title='bbox 595 826 791 892; x_wconf 76' lang='lat' dir='ltr'><strong>nobilissime</strong></span> <span class='ocrx_word' id='word_1_61' title='bbox 813 827 1055 916; x_wconf 81' lang='lat' dir='ltr'><strong>utillissimaeque</strong></span> <span class='ocrx_word' id='word_1_62' title='bbox 1077 832 1246 919; x_wconf 78' lang='lat' dir='ltr'><strong>discipline</strong></span> <span class='ocrx_word' id='word_1_63' title='bbox 1266 838 1367 925; x_wconf 82' lang='lat' dir='ltr'><strong>adyta</strong></span> 
     </span>
     <span class='ocr_line' id='line_1_8' title="bbox 213 924 1365 1012; baseline 0.012 -23"><span class='ocrx_word' id='word_1_64' title='bbox 213 925 415 1012; x_wconf 86' lang='lat' dir='ltr'><strong>penetranda,</strong></span> <span class='ocrx_word' id='word_1_65' title='bbox 443 924 503 990; x_wconf 91' lang='lat' dir='ltr'><strong>nisi</strong></span> <span class='ocrx_word' id='word_1_66' title='bbox 529 924 629 1002; x_wconf 82' lang='lat' dir='ltr'><strong>fallor,</strong></span> <span class='ocrx_word' id='word_1_67' title='bbox 656 926 732 992; x_wconf 89' lang='lat' dir='ltr'><strong>satis</strong></span> <span class='ocrx_word' id='word_1_68' title='bbox 756 927 835 1004; x_wconf 91' lang='lat' dir='ltr'><strong>erit;</strong></span> <span class='ocrx_word' id='word_1_69' title='bbox 871 928 953 993; x_wconf 87' lang='lat' dir='ltr'><strong>viam</strong></span> <span class='ocrx_word' id='word_1_70' title='bbox 980 938 1065 996; x_wconf 92' lang='lat' dir='ltr'><strong>certe</strong></span> <span class='ocrx_word' id='word_1_71' title='bbox 1091 932 1213 998; x_wconf 80' lang='lat' dir='ltr'><strong>facilem</strong></span> <span class='ocrx_word' id='word_1_72' title='bbox 1237 943 1365 1004; x_wconf 88' lang='lat' dir='ltr'><strong>sternet</strong></span> 
     </span>
     <span class='ocr_line' id='line_1_9' title="bbox 214 1025 1365 1112; baseline 0.01 -22"><span class='ocrx_word' id='word_1_73' title='bbox 214 1025 481 1090; x_wconf 76' lang='lat' dir='ltr'><strong>commentatores</strong></span> <span class='ocrx_word' id='word_1_74' title='bbox 503 1033 617 1100; x_wconf 90' lang='lat' dir='ltr'><strong>autem,</strong></span> <span class='ocrx_word' id='word_1_75' title='bbox 642 1047 721 1112; x_wconf 91' lang='lat' dir='ltr'><strong>quos</strong></span> <span class='ocrx_word' id='word_1_76' title='bbox 735 1025 811 1091; x_wconf 88' lang='lat' dir='ltr'><strong>satis</strong></span> <span class='ocrx_word' id='word_1_77' title='bbox 827 1027 949 1103; x_wconf 91' lang='lat' dir='ltr'><strong>multos,</strong></span> <span class='ocrx_word' id='word_1_78' title='bbox 977 1029 1140 1094; x_wconf 91' lang='lat' dir='ltr'><strong>nonnullos</strong></span> <span class='ocrx_word' id='word_1_79' title='bbox 1165 1033 1254 1098; x_wconf 89' lang='lat' dir='ltr'><strong>molis</strong></span> <span class='ocrx_word' id='word_1_80' title='bbox 1279 1033 1365 1101; x_wconf 88' lang='lat' dir='ltr'><strong>haud</strong></span> 
     </span>
     <span class='ocr_line' id='line_1_10' title="bbox 212 1122 1366 1215; baseline 0.011 -28"><span class='ocrx_word' id='word_1_81' title='bbox 212 1122 346 1212; x_wconf 77' lang='lat' dir='ltr'><strong>exigue,</strong></span> <span class='ocrx_word' id='word_1_82' title='bbox 363 1131 470 1188; x_wconf 90' lang='lat' dir='ltr'><strong>noster</strong></span> <span class='ocrx_word' id='word_1_83' title='bbox 486 1123 536 1188; x_wconf 91' lang='lat' dir='ltr'><strong>hic</strong></span> <span class='ocrx_word' id='word_1_84' title='bbox 553 1124 671 1201; x_wconf 89' lang='lat' dir='ltr'><strong>habuit,</strong></span> <span class='ocrx_word' id='word_1_85' title='bbox 697 1145 790 1211; x_wconf 91' lang='lat' dir='ltr'><strong>quam</strong></span> <span class='ocrx_word' id='word_1_86' title='bbox 812 1147 922 1213; x_wconf 85' lang='lat' dir='ltr'><strong>parum</strong></span> <span class='ocrx_word' id='word_1_87' title='bbox 946 1127 1034 1192; x_wconf 89' lang='lat' dir='ltr'><strong>nobis</strong></span> <span class='ocrx_word' id='word_1_88' title='bbox 1057 1128 1227 1215; x_wconf 90' lang='lat' dir='ltr'><strong>adjumenti</strong></span> <span class='ocrx_word' id='word_1_89' title='bbox 1248 1132 1282 1197; x_wconf 93' lang='lat' dir='ltr'><strong>in</strong></span> <span class='ocrx_word' id='word_1_90' title='bbox 1300 1143 1366 1200; x_wconf 93' lang='lat' dir='ltr'><strong>toto</strong></span> 
     </span>
     <span class='ocr_line' id='line_1_11' title="bbox 210 1221 1365 1318; baseline 0.01 -32"><span class='ocrx_word' id='word_1_91' title='bbox 210 1221 271 1289; x_wconf 91' lang='lat' dir='ltr'><strong>isto</strong></span> <span class='ocrx_word' id='word_1_92' title='bbox 294 1222 420 1310; x_wconf 90' lang='lat' dir='ltr'><strong>negotio</strong></span> <span class='ocrx_word' id='word_1_93' title='bbox 443 1221 624 1299; x_wconf 88' lang='lat' dir='ltr'><strong>adtulerint,</strong></span> <span class='ocrx_word' id='word_1_94' title='bbox 650 1245 692 1288; x_wconf 89' lang='lat' dir='ltr'><strong>ex</strong></span> <span class='ocrx_word' id='word_1_95' title='bbox 715 1224 878 1290; x_wconf 88' lang='lat' dir='ltr'><strong>collatione</strong></span> <span class='ocrx_word' id='word_1_96' title='bbox 906 1225 1043 1312; x_wconf 81' lang='lat' dir='ltr'><strong>patebit3</strong></span> <span class='ocrx_word' id='word_1_97' title='bbox 1070 1238 1104 1293; x_wconf 90' lang='lat' dir='ltr'><strong>et</strong></span> <span class='ocrx_word' id='word_1_98' title='bbox 1126 1229 1166 1294; x_wconf 91' lang='lat' dir='ltr'><strong>de</strong></span> <span class='ocrx_word' id='word_1_99' title='bbox 1187 1251 1224 1295; x_wconf 92' lang='lat' dir='ltr'><strong>eo</strong></span> <span class='ocrx_word' id='word_1_100' title='bbox 1246 1231 1365 1318; x_wconf 87' lang='lat' dir='ltr'><strong>aliquid</strong></span> 
     </span>
     <span class='ocr_line' id='line_1_12' title="bbox 212 1321 1363 1412; baseline 0.01 -26"><span class='ocrx_word' id='word_1_101' title='bbox 212 1321 293 1388; x_wconf 86' lang='lat' dir='ltr'><strong>lorte</strong></span> <span class='ocrx_word' id='word_1_102' title='bbox 327 1322 463 1387; x_wconf 83' lang='lat' dir='ltr'><strong>dicemus</strong></span> <span class='ocrx_word' id='word_1_103' title='bbox 494 1321 527 1386; x_wconf 91' lang='lat' dir='ltr'><strong>in</strong></span> <span class='ocrx_word' id='word_1_104' title='bbox 557 1322 747 1388; x_wconf 82' lang='lat' dir='ltr'><strong>Praesaticne</strong></span> <span class='ocrx_word' id='word_1_105' title='bbox 776 1324 817 1389; x_wconf 89' lang='lat' dir='ltr'><strong>ad</strong></span> <span class='ocrx_word' id='word_1_106' title='bbox 846 1323 1028 1391; x_wconf 88' lang='lat' dir='ltr'><strong>Versionem</strong></span> <span class='ocrx_word' id='word_1_107' title='bbox 1055 1325 1121 1412; x_wconf 89' lang='lat' dir='ltr'><strong>jam</strong></span> <span class='ocrx_word' id='word_1_108' title='bbox 1152 1341 1363 1400; x_wconf 85' lang='lat' dir='ltr'><strong>memoratam.</strong></span> 
     </span>
     <span class='ocr_line' id='line_1_13' title="bbox 211 1419 1364 1513; baseline 0.01 -28"><span class='ocrx_word' id='word_1_109' title='bbox 211 1419 396 1486; x_wconf 88' lang='lat' dir='ltr'><strong>Necessaria</strong></span> <span class='ocrx_word' id='word_1_110' title='bbox 424 1429 529 1486; x_wconf 89' lang='lat' dir='ltr'><strong>tamen</strong></span> <span class='ocrx_word' id='word_1_111' title='bbox 555 1421 649 1486; x_wconf 67' lang='lat' dir='ltr'><strong>subse</strong></span> <span class='ocrx_word' id='word_1_112' title='bbox 673 1442 712 1486; x_wconf 88' lang='lat' dir='ltr'><strong>ea</strong></span> <span class='ocrx_word' id='word_1_113' title='bbox 738 1422 841 1487; x_wconf 89' lang='lat' dir='ltr'><strong>omnia</strong></span> <span class='ocrx_word' id='word_1_114' title='bbox 870 1443 941 1509; x_wconf 87' lang='lat' dir='ltr'><strong>quoe</strong></span> <span class='ocrx_word' id='word_1_115' title='bbox 972 1425 1182 1509; x_wconf 75' lang='lat' dir='ltr'><strong>prestitimus,</strong></span> <span class='ocrx_word' id='word_1_116' title='bbox 1212 1438 1364 1513; x_wconf 78' lang='lat' dir='ltr'><strong>praestare</strong></span> 
     </span>
     <span class='ocr_line' id='line_1_14' title="bbox 209 1519 1363 1611; baseline 0.007 -26"><span class='ocrx_word' id='word_1_117' title='bbox 209 1519 319 1585; x_wconf 85' lang='lat' dir='ltr'><strong>saltem</strong></span> <span class='ocrx_word' id='word_1_118' title='bbox 337 1519 440 1584; x_wconf 89' lang='lat' dir='ltr'><strong>conati</strong></span> <span class='ocrx_word' id='word_1_119' title='bbox 454 1539 568 1596; x_wconf 87' lang='lat' dir='ltr'><strong>sumus,</strong></span> <span class='ocrx_word' id='word_1_120' title='bbox 592 1520 642 1585; x_wconf 81' lang='lat' dir='ltr'><strong>rel</strong></span> <span class='ocrx_word' id='word_1_121' title='bbox 656 1540 697 1584; x_wconf 87' lang='lat' dir='ltr'><strong>ex</strong></span> <span class='ocrx_word' id='word_1_122' title='bbox 714 1541 751 1584; x_wconf 90' lang='lat' dir='ltr'><strong>eo</strong></span> <span class='ocrx_word' id='word_1_123' title='bbox 768 1519 900 1608; x_wconf 83' lang='lat' dir='ltr'><strong>intelligi</strong></span> <span class='ocrx_word' id='word_1_124' title='bbox 916 1530 1030 1606; x_wconf 89' lang='lat' dir='ltr'><strong>potest,</strong></span> <span class='ocrx_word' id='word_1_125' title='bbox 1055 1523 1139 1609; x_wconf 91' lang='lat' dir='ltr'><strong>quod</strong></span> <span class='ocrx_word' id='word_1_126' title='bbox 1162 1526 1265 1611; x_wconf 81' lang='lat' dir='ltr'><strong>stylus</strong></span> <span class='ocrx_word' id='word_1_127' title='bbox 1280 1528 1363 1593; x_wconf 85' lang='lat' dir='ltr'><strong>Auc-</strong></span> 
     </span>
     <span class='ocr_line' id='line_1_15' title="bbox 209 1617 1361 1705; baseline 0.006 -21"><span class='ocrx_word' id='word_1_128' title='bbox 209 1619 287 1684; x_wconf 91' lang='lat' dir='ltr'><strong>toris</strong></span> <span class='ocrx_word' id='word_1_129' title='bbox 301 1617 500 1684; x_wconf 89' lang='lat' dir='ltr'><strong>brevissimus</strong></span> <span class='ocrx_word' id='word_1_130' title='bbox 519 1638 577 1703; x_wconf 89' lang='lat' dir='ltr'><strong>per</strong></span> <span class='ocrx_word' id='word_1_131' title='bbox 597 1639 632 1682; x_wconf 91' lang='lat' dir='ltr'><strong>se</strong></span> <span class='ocrx_word' id='word_1_132' title='bbox 653 1617 729 1682; x_wconf 88' lang='lat' dir='ltr'><strong>satis</strong></span> <span class='ocrx_word' id='word_1_133' title='bbox 751 1619 867 1705; x_wconf 88' lang='lat' dir='ltr'><strong>negotii</strong></span> <span class='ocrx_word' id='word_1_134' title='bbox 887 1620 1019 1685; x_wconf 81' lang='lat' dir='ltr'><strong>facessat</strong></span> <span class='ocrx_word' id='word_1_135' title='bbox 1037 1621 1228 1705; x_wconf 89' lang='lat' dir='ltr'><strong>Lectoribus,</strong></span> <span class='ocrx_word' id='word_1_136' title='bbox 1251 1633 1285 1690; x_wconf 89' lang='lat' dir='ltr'><strong>et</strong></span> <span class='ocrx_word' id='word_1_137' title='bbox 1305 1627 1361 1692; x_wconf 86' lang='lat' dir='ltr'><strong>ad·</strong></span> 
     </span>
     <span class='ocr_line' id='line_1_16' title="bbox 208 1715 1361 1804; baseline 0.003 -18"><span class='ocrx_word' id='word_1_138' title='bbox 208 1729 312 1787; x_wconf 88' lang='lat' dir='ltr'><strong>tentos</strong></span> <span class='ocrx_word' id='word_1_139' title='bbox 334 1740 427 1804; x_wconf 92' lang='lat' dir='ltr'><strong>quam</strong></span> <span class='ocrx_word' id='word_1_140' title='bbox 449 1715 582 1781; x_wconf 86' lang='lat' dir='ltr'><strong>maxime</strong></span> <span class='ocrx_word' id='word_1_141' title='bbox 601 1717 756 1802; x_wconf 82' lang='lat' dir='ltr'><strong>postulet:</strong></span> <span class='ocrx_word' id='word_1_142' title='bbox 782 1726 818 1782; x_wconf 91' lang='lat' dir='ltr'><strong>ut</strong></span> <span class='ocrx_word' id='word_1_143' title='bbox 839 1717 981 1783; x_wconf 91' lang='lat' dir='ltr'><strong>minimus</strong></span> <span class='ocrx_word' id='word_1_144' title='bbox 1006 1741 1096 1785; x_wconf 87' lang='lat' dir='ltr'><strong>error</strong></span> <span class='ocrx_word' id='word_1_145' title='bbox 1119 1720 1185 1786; x_wconf 84' lang='lat' dir='ltr'><strong>sive</strong></span> <span class='ocrx_word' id='word_1_146' title='bbox 1209 1721 1242 1787; x_wconf 93' lang='lat' dir='ltr'><strong>in</strong></span> <span class='ocrx_word' id='word_1_147' title='bbox 1266 1725 1361 1790; x_wconf 88' lang='lat' dir='ltr'><strong>rebus</strong></span> 
     </span>
     <span class='ocr_line' id='line_1_17' title="bbox 208 1814 1360 1910; baseline 0.005 -26"><span class='ocrx_word' id='word_1_148' title='bbox 208 1819 293 1907; x_wconf 87' lang='lat' dir='ltr'><strong>ipsis,</strong></span> <span class='ocrx_word' id='word_1_149' title='bbox 317 1817 383 1883; x_wconf 85' lang='lat' dir='ltr'><strong>sive</strong></span> <span class='ocrx_word' id='word_1_150' title='bbox 399 1817 432 1881; x_wconf 92' lang='lat' dir='ltr'><strong>in</strong></span> <span class='ocrx_word' id='word_1_151' title='bbox 449 1814 562 1892; x_wconf 84' lang='lat' dir='ltr'><strong>verbis,</strong></span> <span class='ocrx_word' id='word_1_152' title='bbox 588 1815 782 1881; x_wconf 89' lang='lat' dir='ltr'><strong>difficultates</strong></span> <span class='ocrx_word' id='word_1_153' title='bbox 800 1816 1030 1883; x_wconf 78' lang='lat' dir='ltr'><strong>inextricabiles</strong></span> <span class='ocrx_word' id='word_1_154' title='bbox 1053 1840 1283 1906; x_wconf 78' lang='lat' dir='ltr'><strong>nonnumquam</strong></span> <span class='ocrx_word' id='word_1_155' title='bbox 1304 1845 1360 1910; x_wconf 89' lang='lat' dir='ltr'><strong>pa·</strong></span> 
     </span>
     <span class='ocr_line' id='line_1_18' title="bbox 207 1926 398 2006; baseline -0.01 -21"><span class='ocrx_word' id='word_1_156' title='bbox 207 1941 279 1985; x_wconf 89' lang='lat' dir='ltr'><strong>rere</strong></span> <span class='ocrx_word' id='word_1_157' title='bbox 295 1926 398 2006; x_wconf 86' lang='lat' dir='ltr'><strong>queat</strong></span> 
     </span>
    </p>

    <p class='ocr_par' dir='ltr' id='par_1_3' title="bbox 199 2011 1359 3493">
     <span class='ocr_line' id='line_1_19' title="bbox 283 2011 1359 2092; baseline 0.004 -9"><span class='ocrx_word' id='word_1_158' title='bbox 283 2017 392 2082; x_wconf 82' lang='lat' dir='ltr'><strong>Hebes</strong></span> <span class='ocrx_word' id='word_1_159' title='bbox 407 2011 477 2080; x_wconf 90' lang='lat' dir='ltr'><strong>heic</strong></span> <span class='ocrx_word' id='word_1_160' title='bbox 493 2012 596 2090; x_wconf 88' lang='lat' dir='ltr'><strong>etiam,</strong></span> <span class='ocrx_word' id='word_1_161' title='bbox 624 2014 772 2092; x_wconf 78' lang='lat' dir='ltr'><strong>Laeron,</strong></span> <span class='ocrx_word' id='word_1_162' title='bbox 793 2015 833 2081; x_wconf 91' lang='lat' dir='ltr'><strong>V.</strong></span> <span class='ocrx_word' id='word_1_163' title='bbox 853 2016 889 2082; x_wconf 85' lang='lat' dir='ltr'><strong>C.</strong></span> <span class='ocrx_word' id='word_1_164' title='bbox 906 2016 1050 2082; x_wconf 71' lang='lat' dir='ltr'><strong>Joartrus</strong></span> <span class='ocrx_word' id='word_1_165' title='bbox 1072 2019 1250 2085; x_wconf 84' lang='lat' dir='ltr'><strong>ansercr</strong></span> <span class='ocrx_word' id='word_1_166' title='bbox 1269 2022 1359 2087; x_wconf 82' lang='lat' dir='ltr'><strong>Geo-</strong></span> 
     </span>
     <span class='ocr_line' id='line_1_20' title="bbox 207 2112 1358 2200; baseline 0.002 -17"><span class='ocrx_word' id='word_1_167' title='bbox 207 2137 301 2183; x_wconf 78' lang='grc' dir='ltr'>ιιονιι</span> <span class='ocrx_word' id='word_1_168' title='bbox 324 2118 434 2191; x_wconf 89' lang='lat' dir='ltr'><strong>Notas,</strong></span> <span class='ocrx_word' id='word_1_169' title='bbox 460 2135 539 2199; x_wconf 84' lang='lat' dir='ltr'><strong>quoe,</strong></span> <span class='ocrx_word' id='word_1_170' title='bbox 565 2135 605 2179; x_wconf 83' lang='lat' dir='ltr'><strong>ex</strong></span> <span class='ocrx_word' id='word_1_171' title='bbox 622 2135 683 2200; x_wconf 92' lang='lat' dir='ltr'><strong>quo</strong></span> <span class='ocrx_word' id='word_1_172' title='bbox 699 2112 799 2179; x_wconf 90' lang='lat' dir='ltr'><strong>lucem</strong></span> <span class='ocrx_word' id='word_1_173' title='bbox 825 2114 959 2200; x_wconf 90' lang='lat' dir='ltr'><strong>primum</strong></span> <span class='ocrx_word' id='word_1_174' title='bbox 982 2116 1135 2193; x_wconf 79' lang='lat' dir='ltr'><strong>viderunt,</strong></span> <span class='ocrx_word' id='word_1_175' title='bbox 1162 2118 1358 2185; x_wconf 84' lang='lat' dir='ltr'><strong>Editionibus</strong></span> 
     </span>
     <span class='ocr_line' id='line_1_21' title="bbox 207 2212 1355 2301; baseline 0.001 -19"><span class='ocrx_word' id='word_1_176' title='bbox 207 2216 348 2282; x_wconf 91' lang='lat' dir='ltr'><strong>omnibns</strong></span> <span class='ocrx_word' id='word_1_177' title='bbox 369 2212 569 2299; x_wconf 88' lang='lat' dir='ltr'><strong>sequentibus</strong></span> <span class='ocrx_word' id='word_1_178' title='bbox 591 2212 716 2278; x_wconf 88' lang='lat' dir='ltr'><strong>comites</strong></span> <span class='ocrx_word' id='word_1_179' title='bbox 733 2213 816 2278; x_wconf 75' lang='lat' dir='ltr'><strong>datm</strong></span> <span class='ocrx_word' id='word_1_180' title='bbox 837 2222 918 2296; x_wconf 83' lang='lat' dir='ltr'><strong>sunt,</strong></span> <span class='ocrx_word' id='word_1_181' title='bbox 942 2221 983 2290; x_wconf 90' lang='lat' dir='ltr'><strong>et,</strong></span> <span class='ocrx_word' id='word_1_182' title='bbox 1003 2223 1132 2301; x_wconf 88' lang='lat' dir='ltr'><strong>propter</strong></span> <span class='ocrx_word' id='word_1_183' title='bbox 1151 2217 1266 2282; x_wconf 83' lang='lat' dir='ltr'><strong>lamam</strong></span> <span class='ocrx_word' id='word_1_184' title='bbox 1287 2218 1355 2295; x_wconf 81' lang='lat' dir='ltr'><strong>riri,</strong></span> 
     </span>
     <span class='ocr_line' id='line_1_22' title="bbox 205 2310 1357 2401; baseline 0.001 -20"><span class='ocrx_word' id='word_1_185' title='bbox 205 2314 383 2401; x_wconf 87' lang='lat' dir='ltr'><strong>sequuturis</strong></span> <span class='ocrx_word' id='word_1_186' title='bbox 397 2312 508 2388; x_wconf 91' lang='lat' dir='ltr'><strong>adhuc,</strong></span> <span class='ocrx_word' id='word_1_187' title='bbox 524 2321 560 2379; x_wconf 91' lang='grc' dir='ltr'><strong>ιιι</strong></span> <span class='ocrx_word' id='word_1_188' title='bbox 575 2310 725 2397; x_wconf 87' lang='lat' dir='ltr'><strong>conjicere</strong></span> <span class='ocrx_word' id='word_1_189' title='bbox 740 2310 821 2387; x_wconf 89' lang='lat' dir='ltr'><strong>licet,</strong></span> <span class='ocrx_word' id='word_1_190' title='bbox 837 2332 932 2399; x_wconf 90' lang='lat' dir='ltr'><strong>porro</strong></span> <span class='ocrx_word' id='word_1_191' title='bbox 947 2313 1113 2379; x_wconf 89' lang='lat' dir='ltr'><strong>dabuntur.</strong></span> <span class='ocrx_word' id='word_1_192' title='bbox 1166 2314 1207 2379; x_wconf 93' lang='lat' dir='ltr'><strong>In</strong></span> <span class='ocrx_word' id='word_1_193' title='bbox 1223 2314 1283 2382; x_wconf 90' lang='lat' dir='ltr'><strong>illis</strong></span> <span class='ocrx_word' id='word_1_194' title='bbox 1299 2338 1357 2383; x_wconf 87' lang='lat' dir='ltr'><strong>ex·</strong></span> 
     </span>
     <span class='ocr_line' id='line_1_23' title="bbox 205 2410 1354 2503; baseline 0.003 -23"><span class='ocrx_word' id='word_1_195' title='bbox 205 2413 385 2503; x_wconf 82' lang='lat' dir='ltr'><strong>perdendis,</strong></span> <span class='ocrx_word' id='word_1_196' title='bbox 408 2422 442 2478; x_wconf 89' lang='lat' dir='ltr'><strong>et</strong></span> <span class='ocrx_word' id='word_1_197' title='bbox 459 2410 659 2479; x_wconf 78' lang='lat' dir='ltr'><strong>emendandis</strong></span> <span class='ocrx_word' id='word_1_198' title='bbox 672 2418 729 2477; x_wconf 87' lang='lat' dir='ltr'><strong>aut</strong></span> <span class='ocrx_word' id='word_1_199' title='bbox 745 2410 888 2476; x_wconf 91' lang='lat' dir='ltr'><strong>notandis</strong></span> <span class='ocrx_word' id='word_1_200' title='bbox 905 2410 1073 2488; x_wconf 90' lang='lat' dir='ltr'><strong>erroribus,</strong></span> <span class='ocrx_word' id='word_1_201' title='bbox 1097 2413 1208 2499; x_wconf 88' lang='lat' dir='ltr'><strong>quibus</strong></span> <span class='ocrx_word' id='word_1_202' title='bbox 1224 2424 1354 2496; x_wconf 85' lang='lat' dir='ltr'><strong>scatent,</strong></span> 
     </span>
     <span class='ocr_line' id='line_1_24' title="bbox 205 2509 1355 2601; baseline 0 -21"><span class='ocrx_word' id='word_1_203' title='bbox 205 2513 409 2601; x_wconf 88' lang='lat' dir='ltr'><strong>amplissimus</strong></span> <span class='ocrx_word' id='word_1_204' title='bbox 439 2533 474 2576; x_wconf 92' lang='lat' dir='ltr'><strong>se</strong></span> <span class='ocrx_word' id='word_1_205' title='bbox 504 2509 593 2575; x_wconf 90' lang='lat' dir='ltr'><strong>nobis</strong></span> <span class='ocrx_word' id='word_1_206' title='bbox 624 2509 785 2575; x_wconf 88' lang='lat' dir='ltr'><strong>obtulisset</strong></span> <span class='ocrx_word' id='word_1_207' title='bbox 816 2531 950 2595; x_wconf 86' lang='lat' dir='ltr'><strong>campus,</strong></span> <span class='ocrx_word' id='word_1_208' title='bbox 978 2511 1034 2575; x_wconf 90' lang='lat' dir='ltr'><strong>sed</strong></span> <span class='ocrx_word' id='word_1_209' title='bbox 1067 2519 1100 2575; x_wconf 92' lang='lat' dir='ltr'><strong>et</strong></span> <span class='ocrx_word' id='word_1_210' title='bbox 1130 2512 1355 2599; x_wconf 89' lang='lat' dir='ltr'><strong>ingratissimus</strong></span> 
     </span>
     <span class='ocr_line' id='line_1_25' title="bbox 204 2606 1345 2692; baseline 0 -14"><span class='ocrx_word' id='word_1_211' title='bbox 204 2613 294 2680; x_wconf 90' lang='lat' dir='ltr'><strong>labor</strong></span> <span class='ocrx_word' id='word_1_212' title='bbox 308 2608 485 2677; x_wconf 87' lang='lat' dir='ltr'><strong>subeundus</strong></span> <span class='ocrx_word' id='word_1_213' title='bbox 501 2607 628 2675; x_wconf 83' lang='lat' dir='ltr'><strong>fuisset:</strong></span> <span class='ocrx_word' id='word_1_214' title='bbox 652 2606 685 2671; x_wconf 91' lang='lat' dir='ltr'><strong>id</strong></span> <span class='ocrx_word' id='word_1_215' title='bbox 702 2629 778 2672; x_wconf 81' lang='lat' dir='ltr'><strong>vero</strong></span> <span class='ocrx_word' id='word_1_216' title='bbox 794 2627 851 2672; x_wconf 88' lang='lat' dir='ltr'><strong>nec</strong></span> <span class='ocrx_word' id='word_1_217' title='bbox 867 2615 999 2692; x_wconf 87' lang='lat' dir='ltr'><strong>tempus,</strong></span> <span class='ocrx_word' id='word_1_218' title='bbox 1016 2628 1074 2672; x_wconf 94' lang='lat' dir='ltr'><strong>nec</strong></span> <span class='ocrx_word' id='word_1_219' title='bbox 1088 2608 1208 2674; x_wconf 88' lang='lat' dir='ltr'><strong>animus</strong></span> <span class='ocrx_word' id='word_1_220' title='bbox 1223 2610 1345 2678; x_wconf 86' lang='lat' dir='ltr'><strong>sinebat</strong></span> 
     </span>
     <span class='ocr_line' id='line_1_26' title="bbox 204 2703 1353 2791; baseline -0.003 -15"><span class='ocrx_word' id='word_1_221' title='bbox 204 2712 296 2778; x_wconf 85' lang='lat' dir='ltr'><strong>Absit</strong></span> <span class='ocrx_word' id='word_1_222' title='bbox 320 2718 357 2776; x_wconf 92' lang='lat' dir='ltr'><strong>ut</strong></span> <span class='ocrx_word' id='word_1_223' title='bbox 381 2708 498 2774; x_wconf 89' lang='lat' dir='ltr'><strong>meritis</strong></span> <span class='ocrx_word' id='word_1_224' title='bbox 514 2706 583 2773; x_wconf 84' lang='lat' dir='ltr'><strong>Viri</strong></span> <span class='ocrx_word' id='word_1_225' title='bbox 604 2703 806 2771; x_wconf 79' lang='lat' dir='ltr'><strong>Celeberrimi</strong></span> <span class='ocrx_word' id='word_1_226' title='bbox 827 2704 995 2791; x_wconf 90' lang='lat' dir='ltr'><strong>quidquam</strong></span> <span class='ocrx_word' id='word_1_227' title='bbox 1017 2706 1226 2775; x_wconf 83' lang='lat' dir='ltr'><strong>detrahamus</strong></span> <span class='ocrx_word' id='word_1_228' title='bbox 1288 2711 1353 2778; x_wconf 87' lang='lat' dir='ltr'><strong>Sua</strong></span> 
     </span>
     <span class='ocr_line' id='line_1_27' title="bbox 203 2803 1349 2893; baseline 0 -18"><span class='ocrx_word' id='word_1_229' title='bbox 203 2818 310 2877; x_wconf 90' lang='lat' dir='ltr'><strong>manet</strong></span> <span class='ocrx_word' id='word_1_230' title='bbox 336 2817 369 2876; x_wconf 92' lang='lat' dir='ltr'><strong>et</strong></span> <span class='ocrx_word' id='word_1_231' title='bbox 396 2804 532 2872; x_wconf 91' lang='lat' dir='ltr'><strong>manebit</strong></span> <span class='ocrx_word' id='word_1_232' title='bbox 551 2803 595 2868; x_wconf 92' lang='lat' dir='ltr'><strong>illi</strong></span> <span class='ocrx_word' id='word_1_233' title='bbox 615 2803 683 2868; x_wconf 88' lang='lat' dir='ltr'><strong>laus</strong></span> <span class='ocrx_word' id='word_1_234' title='bbox 698 2803 731 2868; x_wconf 91' lang='lat' dir='ltr'><strong>in</strong></span> <span class='ocrx_word' id='word_1_235' title='bbox 756 2813 950 2889; x_wconf 90' lang='lat' dir='ltr'><strong>perpetuum,</strong></span> <span class='ocrx_word' id='word_1_236' title='bbox 974 2803 1156 2872; x_wconf 90' lang='lat' dir='ltr'><strong>eruditionis</strong></span> <span class='ocrx_word' id='word_1_237' title='bbox 1177 2807 1349 2893; x_wconf 80' lang='lat' dir='ltr'><strong>profunde,</strong></span> 
     </span>
     <span class='ocr_line' id='line_1_28' title="bbox 202 2900 1350 2988; baseline -0.002 -12"><span class='ocrx_word' id='word_1_238' title='bbox 202 2909 342 2976; x_wconf 86' lang='lat' dir='ltr'><strong>lectionis</strong></span> <span class='ocrx_word' id='word_1_239' title='bbox 357 2906 489 2988; x_wconf 70' lang='lat' dir='ltr'><strong>diffusa,</strong></span> <span class='ocrx_word' id='word_1_240' title='bbox 503 2913 535 2970; x_wconf 87' lang='lat' dir='ltr'><strong>et</strong></span> <span class='ocrx_word' id='word_1_241' title='bbox 544 2902 694 2969; x_wconf 89' lang='lat' dir='ltr'><strong>acuminis</strong></span> <span class='ocrx_word' id='word_1_242' title='bbox 704 2900 774 2966; x_wconf 92' lang='lat' dir='ltr'><strong>miri</strong></span> <span class='ocrx_word' id='word_1_243' title='bbox 785 2901 818 2966; x_wconf 94' lang='lat' dir='ltr'><strong>in</strong></span> <span class='ocrx_word' id='word_1_244' title='bbox 835 2903 928 2968; x_wconf 89' lang='lat' dir='ltr'><strong>rebus</strong></span> <span class='ocrx_word' id='word_1_245' title='bbox 938 2903 1157 2969; x_wconf 84' lang='lat' dir='ltr'><strong>Grammaticis</strong></span> <span class='ocrx_word' id='word_1_246' title='bbox 1167 2916 1200 2971; x_wconf 93' lang='lat' dir='ltr'><strong>et</strong></span> <span class='ocrx_word' id='word_1_247' title='bbox 1218 2908 1350 2988; x_wconf 85' lang='lat' dir='ltr'><strong>Critieis,</strong></span> 
     </span>
     <span class='ocr_line' id='line_1_29' title="bbox 202 2999 1350 3094; baseline -0.003 -20"><span class='ocrx_word' id='word_1_248' title='bbox 202 3031 272 3094; x_wconf 83' lang='lat' dir='ltr'><strong>quae</strong></span> <span class='ocrx_word' id='word_1_249' title='bbox 289 3007 322 3073; x_wconf 92' lang='lat' dir='ltr'><strong>in</strong></span> <span class='ocrx_word' id='word_1_250' title='bbox 338 3006 461 3093; x_wconf 88' lang='lat' dir='ltr'><strong>scriptis</strong></span> <span class='ocrx_word' id='word_1_251' title='bbox 477 3005 552 3092; x_wconf 87' lang='lat' dir='ltr'><strong>ejus,</strong></span> <span class='ocrx_word' id='word_1_252' title='bbox 571 3002 664 3068; x_wconf 84' lang='lat' dir='ltr'><strong>cedro</strong></span> <span class='ocrx_word' id='word_1_253' title='bbox 680 3000 792 3089; x_wconf 79' lang='lat' dir='ltr'><strong>dignis,</strong></span> <span class='ocrx_word' id='word_1_254' title='bbox 808 2999 922 3087; x_wconf 91' lang='lat' dir='ltr'><strong>ubique</strong></span> <span class='ocrx_word' id='word_1_255' title='bbox 938 3001 1059 3067; x_wconf 88' lang='lat' dir='ltr'><strong>micant.</strong></span> <span class='ocrx_word' id='word_1_256' title='bbox 1107 3004 1180 3080; x_wconf 90' lang='lat' dir='ltr'><strong>Sed,</strong></span> <span class='ocrx_word' id='word_1_257' title='bbox 1198 3005 1350 3071; x_wconf 71' lang='lat' dir='ltr'><strong>siparum</strong></span> 
     </span>
     <span class='ocr_line' id='line_1_30' title="bbox 202 3098 1349 3186; baseline -0.003 -12"><span class='ocrx_word' id='word_1_258' title='bbox 202 3109 305 3174; x_wconf 89' lang='lat' dir='ltr'><strong>dicere</strong></span> <span class='ocrx_word' id='word_1_259' title='bbox 326 3106 476 3180; x_wconf 79' lang='lat' dir='ltr'><strong>volumus,</strong></span> <span class='ocrx_word' id='word_1_260' title='bbox 499 3102 570 3168; x_wconf 93' lang='lat' dir='ltr'><strong>huic</strong></span> <span class='ocrx_word' id='word_1_261' title='bbox 594 3110 710 3166; x_wconf 75' lang='lat' dir='ltr'><strong>nostrae</strong></span> <span class='ocrx_word' id='word_1_262' title='bbox 732 3098 899 3186; x_wconf 80' lang='lat' dir='ltr'><strong>discipline</strong></span> <span class='ocrx_word' id='word_1_263' title='bbox 920 3099 1009 3166; x_wconf 87' lang='lat' dir='ltr'><strong>Juris</strong></span> <span class='ocrx_word' id='word_1_264' title='bbox 1027 3102 1187 3167; x_wconf 89' lang='lat' dir='ltr'><strong>Naturalis</strong></span> <span class='ocrx_word' id='word_1_265' title='bbox 1207 3112 1241 3169; x_wconf 93' lang='lat' dir='ltr'><strong>et</strong></span> <span class='ocrx_word' id='word_1_266' title='bbox 1262 3104 1349 3170; x_wconf 90' lang='lat' dir='ltr'><strong>Gen-</strong></span> 
     </span>
     <span class='ocr_line' id='line_1_31' title="bbox 202 3199 1349 3284; baseline -0.002 -12"><span class='ocrx_word' id='word_1_267' title='bbox 202 3207 288 3284; x_wconf 90' lang='lat' dir='ltr'><strong>tium,</strong></span> <span class='ocrx_word' id='word_1_268' title='bbox 307 3227 347 3271; x_wconf 92' lang='lat' dir='ltr'><strong>ne</strong></span> <span class='ocrx_word' id='word_1_269' title='bbox 365 3204 404 3269; x_wconf 92' lang='lat' dir='ltr'><strong>de</strong></span> <span class='ocrx_word' id='word_1_270' title='bbox 418 3202 486 3270; x_wconf 87' lang='lat' dir='ltr'><strong>aliis</strong></span> <span class='ocrx_word' id='word_1_271' title='bbox 503 3200 612 3277; x_wconf 91' lang='lat' dir='ltr'><strong>dicam,</strong></span> <span class='ocrx_word' id='word_1_272' title='bbox 635 3221 698 3266; x_wconf 91' lang='lat' dir='ltr'><strong>non</strong></span> <span class='ocrx_word' id='word_1_273' title='bbox 714 3221 782 3264; x_wconf 89' lang='lat' dir='ltr'><strong>eam</strong></span> <span class='ocrx_word' id='word_1_274' title='bbox 800 3220 927 3284; x_wconf 88' lang='lat' dir='ltr'><strong>operam</strong></span> <span class='ocrx_word' id='word_1_275' title='bbox 947 3199 1087 3276; x_wconf 89' lang='lat' dir='ltr'><strong>dederat,</strong></span> <span class='ocrx_word' id='word_1_276' title='bbox 1111 3209 1148 3266; x_wconf 93' lang='grc' dir='ltr'><strong>ιιι</strong></span> <span class='ocrx_word' id='word_1_277' title='bbox 1163 3199 1195 3266; x_wconf 92' lang='lat' dir='ltr'><strong>in</strong></span> <span class='ocrx_word' id='word_1_278' title='bbox 1212 3203 1349 3270; x_wconf 87' lang='lat' dir='ltr'><strong>Auctore</strong></span> 
     </span>
     <span class='ocr_line' id='line_1_32' title="bbox 200 3298 1349 3391; baseline -0.004 -19"><span class='ocrx_word' id='word_1_279' title='bbox 200 3312 307 3371; x_wconf 91' lang='lat' dir='ltr'><strong>nostro</strong></span> <span class='ocrx_word' id='word_1_280' title='bbox 330 3300 563 3390; x_wconf 88' lang='lat' dir='ltr'><strong>interpretando</strong></span> <span class='ocrx_word' id='word_1_281' title='bbox 580 3298 674 3366; x_wconf 90' lang='lat' dir='ltr'><strong>talem</strong></span> <span class='ocrx_word' id='word_1_282' title='bbox 697 3319 730 3363; x_wconf 92' lang='lat' dir='ltr'><strong>se</strong></span> <span class='ocrx_word' id='word_1_283' title='bbox 747 3308 899 3385; x_wconf 83' lang='lat' dir='ltr'><strong>proestare</strong></span> <span class='ocrx_word' id='word_1_284' title='bbox 918 3307 1030 3384; x_wconf 89' lang='lat' dir='ltr'><strong>posset,</strong></span> <span class='ocrx_word' id='word_1_285' title='bbox 1056 3299 1189 3385; x_wconf 91' lang='lat' dir='ltr'><strong>qualem,</strong></span> <span class='ocrx_word' id='word_1_286' title='bbox 1215 3303 1349 3391; x_wconf 86' lang='lat' dir='ltr'><strong>exempli</strong></span> 
     </span>
     <span class='ocr_line' id='line_1_33' title="bbox 199 3397 1348 3493; baseline -0.003 -23"><span class='ocrx_word' id='word_1_287' title='bbox 199 3404 313 3493; x_wconf 85' lang='lat' dir='ltr'><strong>gratie,</strong></span> <span class='ocrx_word' id='word_1_288' title='bbox 331 3403 364 3469; x_wconf 93' lang='lat' dir='ltr'><strong>in</strong></span> <span class='ocrx_word' id='word_1_289' title='bbox 382 3402 479 3467; x_wconf 86' lang='lat' dir='ltr'><strong>Lrvro</strong></span> <span class='ocrx_word' id='word_1_290' title='bbox 494 3399 682 3466; x_wconf 87' lang='lat' dir='ltr'><strong>recensendo</strong></span> <span class='ocrx_word' id='word_1_291' title='bbox 698 3406 731 3463; x_wconf 94' lang='lat' dir='ltr'><strong>et</strong></span> <span class='ocrx_word' id='word_1_292' title='bbox 747 3397 931 3483; x_wconf 87' lang='lat' dir='ltr'><strong>explicando</strong></span> <span class='ocrx_word' id='word_1_293' title='bbox 948 3418 1053 3462; x_wconf 89' lang='lat' dir='ltr'><strong>omnes</strong></span> <span class='ocrx_word' id='word_1_294' title='bbox 1070 3397 1231 3467; x_wconf 89' lang='lat' dir='ltr'><strong>mirantur.</strong></span> <span class='ocrx_word' id='word_1_295' title='bbox 1272 3402 1348 3466; x_wconf 90' lang='lat' dir='ltr'><strong>Per-</strong></span> 
     </span>
    </p>
   </div>
   <div class='ocr_carea' id='block_1_3' title="bbox 177 3495 1347 3669">
    <p class='ocr_par' dir='ltr' id='par_1_4' title="bbox 177 3495 1347 3669">
     <span class='ocr_line' id='line_1_34' title="bbox 198 3495 1347 3590; baseline -0.005 -22"><span class='ocrx_word' id='word_1_296' title='bbox 198 3523 299 3590; x_wconf 90' lang='lat' dir='ltr'><strong>pauca</strong></span> <span class='ocrx_word' id='word_1_297' title='bbox 320 3500 389 3567; x_wconf 90' lang='lat' dir='ltr'><strong>heic</strong></span> <span class='ocrx_word' id='word_1_298' title='bbox 410 3508 484 3566; x_wconf 91' lang='lat' dir='ltr'><strong>sunt</strong></span> <span class='ocrx_word' id='word_1_299' title='bbox 507 3500 597 3564; x_wconf 80' lang='lat' dir='ltr'><strong>boum</strong></span> <span class='ocrx_word' id='word_1_300' title='bbox 616 3495 734 3586; x_wconf 81' lang='lat' dir='ltr'><strong>frugis:</strong></span> <span class='ocrx_word' id='word_1_301' title='bbox 757 3495 892 3582; x_wconf 88' lang='lat' dir='ltr'><strong>plurima</strong></span> <span class='ocrx_word' id='word_1_302' title='bbox 912 3517 1113 3584; x_wconf 81' lang='lat' dir='ltr'><strong>supervacua,</strong></span> <span class='ocrx_word' id='word_1_303' title='bbox 1137 3508 1170 3562; x_wconf 89' lang='lat' dir='ltr'><strong>et</strong></span> <span class='ocrx_word' id='word_1_304' title='bbox 1196 3519 1266 3582; x_wconf 83' lang='lat' dir='ltr'><strong>quae</strong></span> <span class='ocrx_word' id='word_1_305' title='bbox 1295 3500 1347 3562; x_wconf 84' lang='lat' dir='ltr'><strong>rel</strong></span> 
     </span>
     <span class='ocr_line' id='line_1_35' title="bbox 177 3593 1346 3669; baseline 0 -7"><span class='ocrx_word' id='word_1_306' title='bbox 177 3602 267 3667; x_wconf 74' lang='lat' dir='ltr'><strong>,aliis</strong></span> <span class='ocrx_word' id='word_1_307' title='bbox 287 3609 408 3666; x_wconf 89' lang='lat' dir='ltr'><strong>tantum</strong></span> <span class='ocrx_word' id='word_1_308' title='bbox 429 3597 532 3663; x_wconf 85' lang='lat' dir='ltr'><strong>verbis</strong></span> <span class='ocrx_word' id='word_1_309' title='bbox 550 3617 673 3662; x_wconf 88' lang='lat' dir='ltr'><strong>sensum</strong></span> <span class='ocrx_word' id='word_1_310' title='bbox 694 3595 839 3660; x_wconf 88' lang='lat' dir='ltr'><strong>Auctoris</strong></span> <span class='ocrx_word' id='word_1_311' title='bbox 860 3593 936 3659; x_wconf 89' lang='lat' dir='ltr'><strong>satis</strong></span> <span class='ocrx_word' id='word_1_312' title='bbox 964 3594 1080 3659; x_wconf 88' lang='lat' dir='ltr'><strong>clarum</strong></span> <span class='ocrx_word' id='word_1_313' title='bbox 1108 3593 1267 3669; x_wconf 85' lang='lat' dir='ltr'><strong>exhibent,</strong></span> <span class='ocrx_word' id='word_1_314' title='bbox 1295 3596 1346 3662; x_wconf 86' lang='lat' dir='ltr'><strong>vel</strong></span> 
     </span>
    </p>
   </div>
   <div class='ocr_carea' id='block_1_4' title="bbox 196 3689 1346 4385">
    <p class='ocr_par' dir='ltr' id='par_1_5' title="bbox 196 3689 1346 4385">
     <span class='ocr_line' id='line_1_36' title="bbox 198 3689 1346 3784; baseline -0.004 -18"><span class='ocrx_word' id='word_1_315' title='bbox 198 3701 267 3766; x_wconf 91' lang='lat' dir='ltr'><strong>usui</strong></span> <span class='ocrx_word' id='word_1_316' title='bbox 286 3721 353 3765; x_wconf 87' lang='lat' dir='ltr'><strong>esse</strong></span> <span class='ocrx_word' id='word_1_317' title='bbox 375 3705 504 3784; x_wconf 86' lang='lat' dir='ltr'><strong>possunt</strong></span> <span class='ocrx_word' id='word_1_318' title='bbox 524 3693 597 3760; x_wconf 88' lang='lat' dir='ltr'><strong>solis</strong></span> <span class='ocrx_word' id='word_1_319' title='bbox 613 3693 777 3782; x_wconf 82' lang='lat' dir='ltr'><strong>tyronibus</strong></span> <span class='ocrx_word' id='word_1_320' title='bbox 799 3692 831 3757; x_wconf 93' lang='lat' dir='ltr'><strong>in</strong></span> <span class='ocrx_word' id='word_1_321' title='bbox 849 3692 972 3780; x_wconf 79' lang='lat' dir='ltr'><strong>Lingua</strong></span> <span class='ocrx_word' id='word_1_322' title='bbox 988 3689 1109 3767; x_wconf 88' lang='lat' dir='ltr'><strong>Latina,</strong></span> <span class='ocrx_word' id='word_1_323' title='bbox 1131 3691 1239 3777; x_wconf 87' lang='lat' dir='ltr'><strong>quales</strong></span> <span class='ocrx_word' id='word_1_324' title='bbox 1260 3702 1346 3761; x_wconf 86' lang='lat' dir='ltr'><strong>certe</strong></span> 
     </span>
     <span class='ocr_line' id='line_1_37' title="bbox 196 3789 1346 3882; baseline -0.007 -16"><span class='ocrx_word' id='word_1_325' title='bbox 196 3823 265 3866; x_wconf 90' lang='lat' dir='ltr'><strong>esse</strong></span> <span class='ocrx_word' id='word_1_326' title='bbox 280 3821 343 3864; x_wconf 91' lang='lat' dir='ltr'><strong>non</strong></span> <span class='ocrx_word' id='word_1_327' title='bbox 359 3797 482 3872; x_wconf 90' lang='lat' dir='ltr'><strong>debent,</strong></span> <span class='ocrx_word' id='word_1_328' title='bbox 505 3793 558 3882; x_wconf 90' lang='lat' dir='ltr'><strong>qui</strong></span> <span class='ocrx_word' id='word_1_329' title='bbox 581 3795 639 3859; x_wconf 92' lang='lat' dir='ltr'><strong>hoc</strong></span> <span class='ocrx_word' id='word_1_330' title='bbox 662 3793 749 3878; x_wconf 90' lang='lat' dir='ltr'><strong>Opus</strong></span> <span class='ocrx_word' id='word_1_331' title='bbox 772 3792 877 3878; x_wconf 89' lang='lat' dir='ltr'><strong>legere</strong></span> <span class='ocrx_word' id='word_1_332' title='bbox 899 3789 1133 3879; x_wconf 85' lang='lat' dir='ltr'><strong>adgrediuntur.</strong></span> <span class='ocrx_word' id='word_1_333' title='bbox 1185 3790 1346 3859; x_wconf 81' lang='lat' dir='ltr'><strong>Sedete</strong></span> 
     </span>
     <span class='ocr_line' id='line_1_38' title="bbox 196 3887 1345 3978; baseline -0.005 -15"><span class='ocrx_word' id='word_1_334' title='bbox 196 3907 302 3965; x_wconf 89' lang='lat' dir='ltr'><strong>mente</strong></span> <span class='ocrx_word' id='word_1_335' title='bbox 317 3895 465 3963; x_wconf 85' lang='lat' dir='ltr'><strong>Auctoris</strong></span> <span class='ocrx_word' id='word_1_336' title='bbox 480 3893 588 3970; x_wconf 92' lang='lat' dir='ltr'><strong>nostri,</strong></span> <span class='ocrx_word' id='word_1_337' title='bbox 612 3891 698 3978; x_wconf 89' lang='lat' dir='ltr'><strong>cujus</strong></span> <span class='ocrx_word' id='word_1_338' title='bbox 714 3889 866 3978; x_wconf 88' lang='lat' dir='ltr'><strong>principia</strong></span> <span class='ocrx_word' id='word_1_339' title='bbox 885 3911 947 3954; x_wconf 91' lang='lat' dir='ltr'><strong>non</strong></span> <span class='ocrx_word' id='word_1_340' title='bbox 966 3888 1042 3954; x_wconf 76' lang='lat' dir='ltr'><strong>sads</strong></span> <span class='ocrx_word' id='word_1_341' title='bbox 1063 3887 1266 3976; x_wconf 86' lang='lat' dir='ltr'><strong>intelligebat,</strong></span> <span class='ocrx_word' id='word_1_342' title='bbox 1286 3891 1345 3957; x_wconf 91' lang='lat' dir='ltr'><strong>Vir</strong></span> 
     </span>
     <span class='ocr_line' id='line_1_39' title="bbox 197 3986 1344 4076; baseline -0.008 -13"><span class='ocrx_word' id='word_1_343' title='bbox 197 3996 398 4063; x_wconf 88' lang='lat' dir='ltr'><strong>Doctissimus</strong></span> <span class='ocrx_word' id='word_1_344' title='bbox 420 3994 504 4059; x_wconf 91' lang='lat' dir='ltr'><strong>haud</strong></span> <span class='ocrx_word' id='word_1_345' title='bbox 523 4014 597 4058; x_wconf 87' lang='lat' dir='ltr'><strong>raro</strong></span> <span class='ocrx_word' id='word_1_346' title='bbox 618 3993 753 4056; x_wconf 87' lang='lat' dir='ltr'><strong>aberrat</strong></span> <span class='ocrx_word' id='word_1_347' title='bbox 805 3989 848 4054; x_wconf 88' lang='lat' dir='ltr'><strong>Et</strong></span> <span class='ocrx_word' id='word_1_348' title='bbox 864 4009 903 4053; x_wconf 88' lang='lat' dir='ltr'><strong>ne</strong></span> <span class='ocrx_word' id='word_1_349' title='bbox 919 3997 1011 4075; x_wconf 92' lang='lat' dir='ltr'><strong>putes</strong></span> <span class='ocrx_word' id='word_1_350' title='bbox 1032 4008 1089 4052; x_wconf 92' lang='lat' dir='ltr'><strong>nos</strong></span> <span class='ocrx_word' id='word_1_351' title='bbox 1113 3986 1145 4051; x_wconf 93' lang='lat' dir='ltr'><strong>id</strong></span> <span class='ocrx_word' id='word_1_352' title='bbox 1169 3988 1268 4076; x_wconf 89' lang='lat' dir='ltr'><strong>gratis</strong></span> <span class='ocrx_word' id='word_1_353' title='bbox 1288 3990 1344 4055; x_wconf 89' lang='lat' dir='ltr'><strong>ad-</strong></span> 
     </span>
     <span class='ocr_line' id='line_1_40' title="bbox 197 4085 1342 4182; baseline -0.009 -19"><span class='ocrx_word' id='word_1_354' title='bbox 197 4119 312 4172; x_wconf 89' lang='lat' dir='ltr'><strong>serere,</strong></span> <span class='ocrx_word' id='word_1_355' title='bbox 329 4093 495 4182; x_wconf 86' lang='lat' dir='ltr'><strong>specimina</strong></span> <span class='ocrx_word' id='word_1_356' title='bbox 511 4091 654 4179; x_wconf 78' lang='lat' dir='ltr'><strong>quadam</strong></span> <span class='ocrx_word' id='word_1_357' title='bbox 671 4087 741 4155; x_wconf 89' lang='lat' dir='ltr'><strong>Tibi</strong></span> <span class='ocrx_word' id='word_1_358' title='bbox 758 4086 907 4163; x_wconf 90' lang='lat' dir='ltr'><strong>dedimus,</strong></span> <span class='ocrx_word' id='word_1_359' title='bbox 927 4087 1000 4153; x_wconf 91' lang='lat' dir='ltr'><strong>dum</strong></span> <span class='ocrx_word' id='word_1_360' title='bbox 1017 4085 1119 4152; x_wconf 90' lang='lat' dir='ltr'><strong>obiter</strong></span> <span class='ocrx_word' id='word_1_361' title='bbox 1135 4086 1235 4152; x_wconf 89' lang='lat' dir='ltr'><strong>Notas</strong></span> <span class='ocrx_word' id='word_1_362' title='bbox 1251 4085 1342 4164; x_wconf 89' lang='lat' dir='ltr'><strong>illius,</strong></span> 
     </span>
     <span class='ocr_line' id='line_1_41' title="bbox 196 4185 1344 4277; baseline -0.01 -15"><span class='ocrx_word' id='word_1_363' title='bbox 196 4197 279 4263; x_wconf 90' lang='lat' dir='ltr'><strong>inter</strong></span> <span class='ocrx_word' id='word_1_364' title='bbox 301 4191 522 4261; x_wconf 88' lang='lat' dir='ltr'><strong>recensendum</strong></span> <span class='ocrx_word' id='word_1_365' title='bbox 547 4192 635 4277; x_wconf 89' lang='lat' dir='ltr'><strong>Opus</strong></span> <span class='ocrx_word' id='word_1_366' title='bbox 656 4187 748 4263; x_wconf 91' lang='lat' dir='ltr'><strong>istud,</strong></span> <span class='ocrx_word' id='word_1_367' title='bbox 774 4186 1040 4273; x_wconf 87' lang='lat' dir='ltr'><strong>perlustraremus.</strong></span> <span class='ocrx_word' id='word_1_368' title='bbox 1092 4185 1184 4263; x_wconf 85' lang='lat' dir='ltr'><strong>Vide,</strong></span> <span class='ocrx_word' id='word_1_369' title='bbox 1209 4185 1344 4272; x_wconf 87' lang='lat' dir='ltr'><strong>exempli</strong></span> 
     </span>
     <span class='ocr_line' id='line_1_42' title="bbox 197 4277 1341 4385; baseline -0.009 -23"><span class='ocrx_word' id='word_1_370' title='bbox 197 4296 310 4385; x_wconf 87' lang='lat' dir='ltr'><strong>gratia,</strong></span> <span class='ocrx_word' id='word_1_371' title='bbox 331 4291 401 4361; x_wconf 93' lang='lat' dir='ltr'><strong>Lib.</strong></span> <span class='ocrx_word' id='word_1_372' title='bbox 420 4292 448 4359; x_wconf 89' lang='grc' dir='ltr'><strong>Ι.</strong></span> <span class='ocrx_word' id='word_1_373' title='bbox 473 4312 592 4379; x_wconf 81' lang='lat' dir='ltr'><strong>capu.</strong></span> <span class='ocrx_word' id='word_1_374' title='bbox 619 4283 636 4383; x_wconf 59' lang='grc' dir='ltr'><em>ᾗ</em></span> <span class='ocrx_word' id='word_1_375' title='bbox 656 4291 710 4354; x_wconf 89' lang='grc'><strong>10.</strong></span> <span class='ocrx_word' id='word_1_376' title='bbox 732 4307 814 4350; x_wconf 90' lang='lat' dir='ltr'><strong>num.</strong></span> <span class='ocrx_word' id='word_1_377' title='bbox 835 4287 887 4349; x_wconf 90' lang='grc'><strong>11.</strong></span> <span class='ocrx_word' id='word_1_378' title='bbox 910 4294 974 4350; x_wconf 88' lang='lat' dir='ltr'><strong>not</strong></span> <span class='ocrx_word' id='word_1_379' title='bbox 992 4285 1044 4361; x_wconf 85' lang='lat'><strong>77,</strong></span> <span class='ocrx_word' id='word_1_380' title='bbox 1066 4292 1099 4349; x_wconf 85' lang='lat' dir='ltr'><strong>et</strong></span> <span class='ocrx_word' id='word_1_381' title='bbox 1117 4305 1184 4371; x_wconf 90' lang='lat' dir='ltr'><strong>cap.</strong></span> <span class='ocrx_word' id='word_1_382' title='bbox 1202 4305 1249 4349; x_wconf 91' lang='grc' dir='ltr'>ιιι.</span> <span class='ocrx_word' id='word_1_383' title='bbox 1274 4277 1291 4379; x_wconf 62' lang='lat' dir='ltr'><strong>l</strong></span> <span class='ocrx_word' id='word_1_384' title='bbox 1311 4288 1341 4352; x_wconf 87' lang='grc'><strong>8.</strong></span> 
     </span>
    </p>
   </div>
   <div class='ocr_carea' id='block_1_5' title="bbox 0 0 1438 4906">
    <p class='ocr_par' dir='ltr' id='par_1_6' title="bbox 0 0 1438 4906">
     <span class='ocr_line' id='line_1_43' title="bbox 0 0 1438 4906; baseline 0 8"><span class='ocrx_word' id='word_1_385' title='bbox 0 0 1438 4906; x_wconf 95' lang='lat' dir='ltr'><strong> </strong></span> 
     </span>
    </p>
   </div>
  </div>
 </body>
</html>
