2866 4906
179 192 252 258 xxiv
597 202 625 261 J.
649 203 908 262 Bruuurnucn

178 369 435 457 quemadmodum
454 367 561 436 titulus
577 369 672 458 vulgo
693 372 870 439 ementitur.
917 372 1028 458 Neque
1052 373 1121 439 heic
1146 374 1238 441 aliter
1260 396 1329 441 sese

177 493 243 536 rem
261 470 404 536 habuisse
420 469 619 556 deprehendi.
671 472 769 536 Immo
794 470 914 558 priores
938 472 1007 538 illus
1031 481 1064 538 et
1089 473 1230 560 optimas,
1255 496 1328 561 quoe

177 570 219 639 ad
232 569 420 636 recentiores
442 569 650 637 emendandas
666 570 832 657 plurimum
851 571 1015 658 juvabant,
1039 572 1122 659 ipsas
1144 573 1229 640 haud
1253 595 1327 639 raro

177 692 270 737 mauu
288 668 407 736 medica
422 691 526 758 egere,
543 669 719 736 certissimis
735 670 927 759 argumentis
943 672 1087 758 comperi

250 769 330 835 Usui
356 768 432 833 mihi
454 768 587 834 maxime
614 768 682 846 tuit,
704 770 787 857 quod
812 769 933 836 adtinet
953 771 995 837 ad
1015 771 1117 858 ipsum
1141 773 1238 859 Opus,
1260 769 1328 837 sine

176 868 268 935 Notis
290 868 445 945 Auctoris,
471 889 541 955 quae
564 878 673 954 postea
696 878 899 949 accesserunt,
926 870 1026 956 primu
1051 870 1187 937 omnium
1212 870 1326 949 Editio,

175 989 246 1055 quae
263 969 321 1033 sub
337 967 432 1054 ipsius
448 967 593 1034 Auctoris
609 968 704 1034 oculis
720 967 839 1055 prodiit
855 970 1000 1035 Lutetia
1013 972 1230 1047 Parisiorum,
1245 992 1327 1036 anno

176 1068 268 1133 AErae
286 1067 423 1155 vulgaris
437 1087 473 1130 u.
488 1087 540 1132 oo.
554 1088 634 1137 xxv.
687 1069 839 1156 Magnum
856 1067 968 1134 deinde
986 1067 1198 1154 adjumentum
1215 1070 1329 1136 adtulit

175 1166 228 1231 illa
244 1166 317 1232 anni
334 1187 544 1232 musarum.
562 1167 681 1232 minore
697 1166 799 1231 forma
812 1166 959 1254 typisque
972 1167 1328 1235 nitidissimisAmstelo-

174 1267 269 1332 domi
282 1287 404 1344 excuss,
420 1266 505 1352 apud
526 1268 733 1332 Getulorum
750 1267 867 1342 Biueu,
885 1279 914 1332 et
931 1289 1085 1353 expresso
1100 1270 1147 1332 ad
1161 1271 1328 1354 esemplar

174 1367 218 1431 ab
235 1369 306 1451 ipso
320 1366 461 1430 Auctore
475 1369 671 1450 receptricem
686 1377 783 1451 atque
801 1368 1011 1442 emendatum,
1035 1375 1070 1432 ut
1089 1365 1171 1432 idem
1191 1389 1328 1455 praesens

174 1466 420 1540 Amsteiedami,
440 1466 494 1529 die
515 1466 534 1528 8
560 1466 692 1550 Aprilis
714 1464 852 1550 ejusdem
877 1465 960 1541 anni,
984 1473 1128 1542 testatur,
1154 1467 1186 1531 in
1211 1465 1327 1554 pagine

173 1572 244 1651 post
259 1563 382 1630 titulum
399 1584 519 1629 aversa.
574 1565 623 1628 Ex
643 1562 703 1628 illis
726 1562 846 1628 duabus
866 1563 1071 1639 Editionibus,
1091 1572 1148 1629 aut
1169 1586 1210 1629 ex
1231 1565 1328 1630 ulter-

174 1672 258 1741 utra‚
284 1661 418 1750 plurima
440 1661 507 1727 loca
527 1661 768 1738 emendavimus,
792 1683 863 1748 quse
885 1661 918 1726 in
939 1661 1080 1727 omnibus
1100 1662 1151 1728 rel
1169 1662 1326 1750 plerisque

172 1762 395 1849 posterioribus
422 1760 532 1827 vitiosa
557 1770 656 1828 erant.
707 1761 759 1825 De
789 1760 902 1827 talibus
928 1770 1033 1826 autem
1061 1762 1326 1828 emendationibus

172 1860 338 1948 aliquando
352 1860 510 1926 occasione
525 1861 609 1938 data,
627 1861 677 1926 vel
693 1859 747 1926 ubi
763 1860 933 1926 consultum
950 1859 1123 1938 videbatur,
1138 1861 1325 1928 monuimus:

172 1961 228 2026 sed
249 1982 356 2026 omnes
376 1959 525 2038 indicare,
551 1961 715 2048 superflum
736 1958 894 2047 cujusdem
916 1958 1026 2026 fuisset
1048 1959 1240 2048 diligentiae;
1268 1983 1326 2028 neo

172 2059 351 2148 patiebatur
369 2060 535 2124 Lectcrum
551 2059 761 2137 commoditas,
780 2068 815 2125 ut
838 2057 887 2123 his
904 2068 937 2125 et
949 2058 1019 2124 aliis
1035 2059 1210 2146 hujusmodi
1229 2060 1326 2126 moles

172 2159 335 2225 voluminis
360 2167 538 2246 augeretur.
591 2160 637 2225 Ut
663 2166 777 2236 tamen,
801 2158 875 2245 quid
897 2157 956 2224 huc
980 2157 1012 2223 in
1037 2169 1127 2246 parte
1154 2159 1326 2246 praestiter-

77 2267 83 2279 '
171 2258 263 2336 imus,
290 2258 414 2325 Lectori
441 2257 634 2323 manifestum
658 2257 723 2335 fiat,
749 2257 874 2344 aliquod
902 2256 971 2323 heio
997 2258 1151 2344 specimen
1176 2259 1326 2325 exhibere

171 2358 289 2446 placuit
313 2359 460 2438 locorum,
485 2379 555 2445 quse
579 2357 701 2434 tacitus,
728 2356 852 2444 optimis
881 2356 1077 2423 Editicnibus
1105 2358 1326 2445 preeuntibus,

171 2481 305 2526 correxi.

246 2559 320 2624 Non
337 2556 391 2623 diu
407 2556 578 2643 quaerenda
592 2565 685 2624 erunt
702 2556 854 2642 exempla.
906 2554 1009 2621 Offert
1030 2577 1064 2621 se
1085 2555 1192 2622 statim
1210 2555 1278 2622 Lib.
1297 2557 1325 2622 I.

170 2676 238 2745 cap.
256 2678 301 2722 ιιι.
321 2663 335 2742 5
354 2655 407 2724 17.
425 2677 507 2720 num.
527 2657 557 2718 2.
575 2654 642 2720 init
686 2657 792 2720 Mutet
806 2657 963 2719 adversus
977 2656 1076 2720 talem
1089 2667 1209 2720 statum
1226 2658 1326 2742 quasi

172 2759 336 2843 bicipitem
366 2756 569 2820 incommoda
598 2754 704 2818 muita
733 2772 922 2817 ausaausa.
984 2754 1035 2817 Ita
1064 2753 1258 2840 reposuimus
1285 2777 1325 2820 ex

170 2856 273 2943 prima
287 2853 441 2930 Editicne‚
456 2873 549 2939 quum
563 2851 595 2915 in
610 2852 678 2916 aliis
687 2852 835 2917 omnibus
851 2872 1016 2937 perperam
1029 2852 1153 2940 legatur
1165 2856 1324 2940 deferunt.

172 2954 241 3020 Lib.
259 2955 302 3019 11.
320 2974 387 3039 cap.
406 2973 436 3017 v.
459 2959 473 3038 ξ
491 2955 520 3017 9.
547 2973 629 3017 uum.
647 2952 678 3016 4.
736 2953 877 3042 Quodsi
896 2971 954 3021 um
971 2953 1091 3037 popuii
1108 2956 1326 3021 ceretiueatius

170 3065 311 3140 eperunt,
337 3065 375 3117 ut
401 3053 554 3128 Romani,
576 3063 634 3116 ete.
687 3051 758 3116 Vox
786 3052 854 3137 qui,
881 3049 1044 3116 manifesto
1072 3052 1256 3131 necessaris,
1284 3076 1324 3118 ex

171 3153 312 3220 omnibus
352 3149 559 3226 Editionibus,
593 3158 664 3236 post
694 3148 777 3214 illam
813 3150 953 3236 primam,
986 3149 1135 3216 hactenus
1168 3151 1323 3219 abfuerat.

171 3252 291 3319 Eodem
307 3250 408 3337 capite
426 3257 440 3336 t
459 3251 512 3314 13.
537 3271 621 3315 unm.
641 3252 671 3313 1.
689 3248 829 3315 eamdem
851 3248 957 3315 ducem
981 3258 1140 3335 sequutus,
1158 3251 1257 3316 rerba
1277 3274 1325 3317 ee·

170 3353 297 3440 quentia
313 3351 359 3417 itu
375 3350 426 3416 edi
438 3348 538 3436 jussi:
568 3350 687 3434 Collipi
706 3351 835 3415 uidetur
856 3371 895 3415 ec
920 3349 991 3416 illis
1014 3351 1082 3416 Dei
1105 3352 1211 3417 uerbis
1234 3373 1324 3416 erun

170 3455 304 3531 Mesene,
328 3462 383 3516 etc.
419 3471 515 3536 quum
539 3446 572 3513 in
595 3448 664 3513 aliis
686 3448 828 3514 omnibus
852 3457 946 3514 antea
973 3448 1122 3536 scriptum
1144 3450 1253 3516 suisset
1277 3454 1324 3516 ed

169 3554 303 3619 Mosem.
367 3548 515 3613 Similiter
545 3547 615 3615 Lib.
643 3549 686 3612 ΙΙ.
719 3569 857 3634 oap.x1.
888 3555 903 3633 t
929 3551 983 3613 18.
1004 3571 1087 3613 num.
1117 3552 1146 3612 l.
1172 3548 1205 3613 in
1239 3549 1320 3613 fine:

164 3635 385 3719 'Naturaliter
418 3649 548 3712 videtur
581 3648 666 3711 mibi
708 3667 917 3712 accurrerunt
943 3649 1002 3731 jus
1042 3649 1122 3711 dari
1155 3646 1321 3732 efficiendi}

168 3764 214 3828 ut,
232 3764 281 3830 qe.
332 3746 416 3812 Illud
434 3748 619 3831 acceptasti
640 3766 680 3810 ex
698 3744 845 3811 Editione
867 3745 968 3831 prima
983 3745 1160 3811 restitutum
1181 3755 1248 3812 est:
1274 3747 1324 3812 ul·

167 3850 253 3917 timae
281 3847 480 3932 acceptando
506 3845 646 3909 fecerant
672 3866 712 3909 ex
740 3846 942 3930 acceptandi,
974 3843 1058 3929 quod
1084 3843 1116 3909 in
1145 3845 1322 3912 Editionem

168 3949 243 4016 anni
271 3949 359 4014 1632
389 3965 487 4033 praue
515 3942 697 4030 irrepserat.
761 3944 908 4031 Ejusdem
942 3942 1011 4008 Lib.
1044 3964 1110 4029 cap.
1134 3965 1191 4009 xx.
1225 3953 1239 4032 ξ
1265 3949 1321 4013 40.

168 4072 252 4116 num.
269 4051 300 4112 1.
323 4047 383 4112 sub
408 4046 507 4112 icit:
535 4045 651 4110 Sedet
672 4045 711 4110 ob
732 4065 797 4124 eas,
823 4066 894 4130 que
913 4044 1002 4128 ipsos
1016 4044 1234 4128 peculiariter
1258 4068 1323 4111 aaa

168 4161 316 4237 respuat,
348 4147 405 4212 sed
426 4147 462 4208 iu
488 4145 655 4229 quibusvis
678 4146 829 4228 personis
850 4143 909 4227 jus
934 4155 1063 4207 uaturoe
1093 4155 1152 4207 aut
1176 4147 1322 4228 pestium

168 4251 356 4318 immuniter
375 4264 528 4309 vronuur.
581 4242 633 4308 Sic
650 4242 811 4319 edidimus,
829 4264 869 4306 ex
886 4241 1156 4328 Editioneprima‚
1172 4243 1322 4311 etaltera

168 4350 242 4416 anni
260 4349 348 4414 1632
370 4343 499 4431 reliqum
523 4341 605 4408 enim
626 4364 732 4407 omnes
747 4341 823 4407 illud
840 4343 965 4408 violant
981 4341 1014 4406 in
1031 4342 1229 4409 uioloutibus
1245 4364 1322 4409 aux·
