<?xml version="1.0" encoding="UTF-8"?>
<!DOCTYPE html PUBLIC "-//W3C//DTD XHTML 1.0 Transitional//EN"
    "http://www.w3.org/TR/xhtml1/DTD/xhtml1-transitional.dtd">
<html xmlns="http://www.w3.org/1999/xhtml" xml:lang="en" lang="en">
 <head>
  <title>
</title>
<meta http-equiv="Content-Type" content="text/html;charset=utf-8" />
  <meta name='ocr-system' content='tesseract 3.04.00' />
  <meta name='ocr-capabilities' content='ocr_page ocr_carea ocr_par ocr_line ocrx_word'/>
</head>
<body>
  <div class='ocr_page' id='page_1' title='image "./hugonisgrotiide00barbgoog_0444.png"; bbox 0 0 2866 4906; ppageno 0'>
   <div class='ocr_carea' id='block_1_1' title="bbox 130 248 1229 327">
    <p class='ocr_par' dir='ltr' id='par_1_1' title="bbox 130 248 1229 327">
     <span class='ocr_line' id='line_1_1' title="bbox 130 248 1229 327; baseline -0.001 -12"><span class='ocrx_word' id='word_1_1' title='bbox 130 259 200 315; x_wconf 73' lang='lat' dir='ltr'><strong>cn».</strong></span> <span class='ocrx_word' id='word_1_2' title='bbox 213 257 292 326; x_wconf 83' lang='grc' dir='ltr'>ιιι]</span> <span class='ocrx_word' id='word_1_3' title='bbox 406 259 496 323; x_wconf 74' lang='lat' dir='ltr'><strong>oum</strong></span> <span class='ocrx_word' id='word_1_4' title='bbox 518 258 582 313; x_wconf 81' lang='lat' dir='ltr'><strong>mu</strong></span> <span class='ocrx_word' id='word_1_5' title='bbox 602 258 679 313; x_wconf 77' lang='lat' dir='ltr'><strong>nnn</strong></span> <span class='ocrx_word' id='word_1_6' title='bbox 700 259 843 327; x_wconf 80' lang='lat' dir='ltr'><strong>nucum,</strong></span> <span class='ocrx_word' id='word_1_7' title='bbox 863 259 947 316; x_wconf 80' lang='lat' dir='ltr'><strong>nno.</strong></span> <span class='ocrx_word' id='word_1_8' title='bbox 1165 248 1229 317; x_wconf 83' lang='lat'><strong>373</strong></span> 
     </span>
    </p>
   </div>
   <div class='ocr_carea' id='block_1_2' title="bbox 128 422 1376 2200">
    <p class='ocr_par' dir='ltr' id='par_1_2' title="bbox 128 422 1361 712">
     <span class='ocr_line' id='line_1_2' title="bbox 128 422 1361 515; baseline 0.002 -26"><span class='ocrx_word' id='word_1_9' title='bbox 128 433 221 511; x_wconf 84' lang='lat' dir='ltr'><strong>peter</strong></span> <span class='ocrx_word' id='word_1_10' title='bbox 232 422 317 489; x_wconf 89' lang='lat' dir='ltr'><strong>aliud</strong></span> <span class='ocrx_word' id='word_1_11' title='bbox 330 422 468 511; x_wconf 90' lang='lat' dir='ltr'><strong>jusserit,</strong></span> <span class='ocrx_word' id='word_1_12' title='bbox 482 431 518 489; x_wconf 92' lang='lat' dir='ltr'><strong>ut</strong></span> <span class='ocrx_word' id='word_1_13' title='bbox 531 422 715 489; x_wconf 83' lang='lat' dir='ltr'><strong>Ptolemaeus</strong></span> <span class='ocrx_word' id='word_1_14' title='bbox 728 424 812 510; x_wconf 83' lang='lat' dir='ltr'><strong>apud</strong></span> <span class='ocrx_word' id='word_1_15' title='bbox 826 423 958 489; x_wconf 91' lang='lat' dir='ltr'><strong>eundem</strong></span> <span class='ocrx_word' id='word_1_16' title='bbox 972 425 1121 515; x_wconf 86' lang='lat' dir='ltr'><strong>Trogum.</strong></span> <span class='ocrx_word' id='word_1_17' title='bbox 1166 424 1228 503; x_wconf 83' lang='lat' dir='ltr'><strong>Qui</strong></span> <span class='ocrx_word' id='word_1_18' title='bbox 1241 441 1361 483; x_wconf 62' lang='lat' dir='ltr'><strong>leem</strong></span> 
     </span>
     <span class='ocr_line' id='line_1_3' title="bbox 129 522 1229 612; baseline 0.003 -24"><span class='ocrx_word' id='word_1_19' title='bbox 129 531 234 589; x_wconf 83' lang='lat' dir='ltr'><strong>eutem</strong></span> <span class='ocrx_word' id='word_1_20' title='bbox 250 523 283 589; x_wconf 92' lang='lat' dir='ltr'><strong>in</strong></span> <span class='ocrx_word' id='word_1_21' title='bbox 298 545 397 612; x_wconf 86' lang='lat' dir='ltr'><strong>regno</strong></span> <span class='ocrx_word' id='word_1_22' title='bbox 410 523 465 589; x_wconf 86' lang='lat' dir='ltr'><strong>tali</strong></span> <span class='ocrx_word' id='word_1_23' title='bbox 475 522 621 601; x_wconf 74' lang='lat' dir='ltr'><strong>succedit,</strong></span> <span class='ocrx_word' id='word_1_24' title='bbox 632 522 836 590; x_wconf 75' lang='lat' dir='ltr'><strong>coheredibus</strong></span> <span class='ocrx_word' id='word_1_25' title='bbox 849 522 1007 590; x_wconf 75' lang='lat' dir='ltr'><strong>tenebitur</strong></span> <span class='ocrx_word' id='word_1_26' title='bbox 1020 546 1077 612; x_wconf 92' lang='lat' dir='ltr'><strong>pro</strong></span> <span class='ocrx_word' id='word_1_27' title='bbox 1092 524 1229 612; x_wconf 87' lang='lat' dir='ltr'><strong>ipsorum</strong></span> 
     </span>
     <span class='ocr_line' id='line_1_4' title="bbox 130 621 1227 712; baseline 0.005 -25"><span class='ocrx_word' id='word_1_28' title='bbox 130 622 273 711; x_wconf 84' lang='lat' dir='ltr'><strong>pertibus</strong></span> <span class='ocrx_word' id='word_1_29' title='bbox 285 621 518 689; x_wconf 74' lang='lat' dir='ltr'><strong>estimationem</strong></span> <span class='ocrx_word' id='word_1_30' title='bbox 530 623 713 709; x_wconf 91' lang='lat' dir='ltr'><strong>rependere,</strong></span> <span class='ocrx_word' id='word_1_31' title='bbox 725 621 751 688; x_wconf 88' lang='lat' dir='ltr'><strong>si</strong></span> <span class='ocrx_word' id='word_1_32' title='bbox 765 631 796 688; x_wconf 91' lang='lat' dir='ltr'><strong>et</strong></span> <span class='ocrx_word' id='word_1_33' title='bbox 809 631 962 710; x_wconf 77' lang='lat' dir='ltr'><strong>quatenus</strong></span> <span class='ocrx_word' id='word_1_34' title='bbox 974 623 1007 689; x_wconf 89' lang='lat' dir='ltr'><strong>id</strong></span> <span class='ocrx_word' id='word_1_35' title='bbox 1016 622 1085 689; x_wconf 87' lang='lat' dir='ltr'><strong>fieri</strong></span> <span class='ocrx_word' id='word_1_36' title='bbox 1098 628 1227 712; x_wconf 87' lang='lat' dir='ltr'><strong>potest¹.</strong></span> 
     </span>
    </p>

    <p class='ocr_par' dir='ltr' id='par_1_3' title="bbox 131 721 1376 1999">
     <span class='ocr_line' id='line_1_5' title="bbox 201 721 1230 810; baseline 0.003 -24"><span class='ocrx_word' id='word_1_37' title='bbox 201 722 291 788; x_wconf 86' lang='lat' dir='ltr'><strong>XIV.</strong></span> <span class='ocrx_word' id='word_1_38' title='bbox 342 723 387 789; x_wconf 86' lang='lat' dir='ltr'><strong>At</strong></span> <span class='ocrx_word' id='word_1_39' title='bbox 414 743 453 788; x_wconf 82' lang='lat' dir='ltr'><strong>es</strong></span> <span class='ocrx_word' id='word_1_40' title='bbox 481 742 590 810; x_wconf 83' lang='lat' dir='ltr'><strong>regno,</strong></span> <span class='ocrx_word' id='word_1_41' title='bbox 620 742 692 807; x_wconf 85' lang='lat' dir='ltr'><strong>quae</strong></span> <span class='ocrx_word' id='word_1_42' title='bbox 720 721 826 809; x_wconf 93' lang='lat' dir='ltr'><strong>populi</strong></span> <span class='ocrx_word' id='word_1_43' title='bbox 852 721 950 787; x_wconf 92' lang='lat' dir='ltr'><strong>libero</strong></span> <span class='ocrx_word' id='word_1_44' title='bbox 974 744 1123 788; x_wconf 85' lang='lat' dir='ltr'><strong>consensu</strong></span> <span class='ocrx_word' id='word_1_45' title='bbox 1147 723 1230 789; x_wconf 79' lang='lat' dir='ltr'><strong>iacta</strong></span> 
     </span>
     <span class='ocr_line' id='line_1_6' title="bbox 131 820 1228 908; baseline 0.005 -21"><span class='ocrx_word' id='word_1_46' title='bbox 131 829 204 887; x_wconf 91' lang='lat' dir='ltr'><strong>sunt</strong></span> <span class='ocrx_word' id='word_1_47' title='bbox 231 820 433 899; x_wconf 83' lang='lat' dir='ltr'><strong>hereditaria,</strong></span> <span class='ocrx_word' id='word_1_48' title='bbox 462 842 502 887; x_wconf 85' lang='lat' dir='ltr'><strong>ex</strong></span> <span class='ocrx_word' id='word_1_49' title='bbox 528 830 697 907; x_wconf 86' lang='lat' dir='ltr'><strong>prsesumta</strong></span> <span class='ocrx_word' id='word_1_50' title='bbox 720 821 826 908; x_wconf 94' lang='lat' dir='ltr'><strong>populi</strong></span> <span class='ocrx_word' id='word_1_51' title='bbox 850 821 1010 889; x_wconf 76' lang='lat' dir='ltr'><strong>voluntate</strong></span> <span class='ocrx_word' id='word_1_52' title='bbox 1034 821 1228 893; x_wconf 84' lang='lat' dir='ltr'><strong>deferuntur.</strong></span> 
     </span>
     <span class='ocr_line' id='line_1_7' title="bbox 132 918 1229 1009; baseline 0.001 -24"><span class='ocrx_word' id='word_1_53' title='bbox 132 920 335 987; x_wconf 76' lang='lat' dir='ltr'><strong>Presumitur</strong></span> <span class='ocrx_word' id='word_1_54' title='bbox 355 930 460 987; x_wconf 83' lang='lat' dir='ltr'><strong>eutem</strong></span> <span class='ocrx_word' id='word_1_55' title='bbox 475 918 607 1008; x_wconf 91' lang='lat' dir='ltr'><strong>populus</strong></span> <span class='ocrx_word' id='word_1_56' title='bbox 628 919 662 986; x_wconf 91' lang='lat' dir='ltr'><strong>id</strong></span> <span class='ocrx_word' id='word_1_57' title='bbox 681 919 814 987; x_wconf 83' lang='lat' dir='ltr'><strong>voluisse</strong></span> <span class='ocrx_word' id='word_1_58' title='bbox 833 921 917 1007; x_wconf 90' lang='lat' dir='ltr'><strong>quod</strong></span> <span class='ocrx_word' id='word_1_59' title='bbox 937 921 1071 987; x_wconf 86' lang='lat' dir='ltr'><strong>maxime</strong></span> <span class='ocrx_word' id='word_1_60' title='bbox 1092 921 1229 1009; x_wconf 84' lang='lat' dir='ltr'><strong>expedit.</strong></span> 
     </span>
     <span class='ocr_line' id='line_1_8' title="bbox 132 1012 1231 1108; baseline 0 -22"><span class='ocrx_word' id='word_1_61' title='bbox 132 1020 216 1086; x_wconf 91' lang='lat' dir='ltr'><strong>Hinc</strong></span> <span class='ocrx_word' id='word_1_62' title='bbox 240 1018 373 1108; x_wconf 90' lang='lat' dir='ltr'><strong>primum</strong></span> <span class='ocrx_word' id='word_1_63' title='bbox 398 1019 475 1086; x_wconf 90' lang='lat' dir='ltr'><strong>illud</strong></span> <span class='ocrx_word' id='word_1_64' title='bbox 499 1019 647 1096; x_wconf 82' lang='lat' dir='ltr'><strong>nuscitur,</strong></span> <span class='ocrx_word' id='word_1_65' title='bbox 673 1026 709 1085; x_wconf 92' lang='lat' dir='ltr'><strong>nt</strong></span> <span class='ocrx_word' id='word_1_66' title='bbox 730 1012 782 1084; x_wconf 69' lang='lat' dir='ltr'><strong>dni</strong></span> <span class='ocrx_word' id='word_1_67' title='bbox 806 1019 891 1087; x_wconf 86' lang='lat' dir='ltr'><strong>aliud</strong></span> <span class='ocrx_word' id='word_1_68' title='bbox 912 1020 965 1086; x_wconf 85' lang='lat' dir='ltr'><strong>lex</strong></span> <span class='ocrx_word' id='word_1_69' title='bbox 985 1029 1042 1087; x_wconf 88' lang='lat' dir='ltr'><strong>aut</strong></span> <span class='ocrx_word' id='word_1_70' title='bbox 1063 1042 1129 1087; x_wconf 89' lang='lat' dir='ltr'><strong>mos</strong></span> <span class='ocrx_word' id='word_1_71' title='bbox 1149 1020 1231 1086; x_wconf 84' lang='lat' dir='ltr'><strong>ferat</strong></span> 
     </span>
     <span class='ocr_line' id='line_1_9' title="bbox 132 1117 1231 1208; baseline 0.001 -25"><span class='ocrx_word' id='word_1_72' title='bbox 132 1118 224 1201; x_wconf 84' lang='lat' dir='ltr'><strong>(sicut</strong></span> <span class='ocrx_word' id='word_1_73' title='bbox 248 1119 364 1185; x_wconf 85' lang='lat' dir='ltr'><strong>Thebis</strong></span> <span class='ocrx_word' id='word_1_74' title='bbox 381 1118 508 1185; x_wconf 88' lang='lat' dir='ltr'><strong>Boeotiis</strong></span> <span class='ocrx_word' id='word_1_75' title='bbox 529 1141 661 1208; x_wconf 86' lang='lat' dir='ltr'><strong>reguum</strong></span> <span class='ocrx_word' id='word_1_76' title='bbox 677 1117 772 1186; x_wconf 80' lang='lat' dir='ltr'><strong>fuisse</strong></span> <span class='ocrx_word' id='word_1_77' title='bbox 788 1118 870 1185; x_wconf 88' lang='lat' dir='ltr'><strong>inter</strong></span> <span class='ocrx_word' id='word_1_78' title='bbox 889 1140 993 1186; x_wconf 81' lang='lat' dir='ltr'><strong>mares</strong></span> <span class='ocrx_word' id='word_1_79' title='bbox 1009 1119 1169 1186; x_wconf 84' lang='lat' dir='ltr'><strong>dividuum</strong></span> <span class='ocrx_word' id='word_1_80' title='bbox 1190 1141 1231 1186; x_wconf 81' lang='lat' dir='ltr'><strong>ex</strong></span> 
     </span>
     <span class='ocr_line' id='line_1_10' title="bbox 133 1217 1232 1307; baseline 0.001 -23"><span class='ocrx_word' id='word_1_81' title='bbox 133 1218 242 1284; x_wconf 72' lang='lat' dir='ltr'><strong>‘Zethi</strong></span> <span class='ocrx_word' id='word_1_82' title='bbox 262 1227 294 1285; x_wconf 93' lang='lat' dir='ltr'><strong>et</strong></span> <span class='ocrx_word' id='word_1_83' title='bbox 318 1217 510 1307; x_wconf 77' lang='lat' dir='ltr'>Amphionis,</span> <span class='ocrx_word' id='word_1_84' title='bbox 534 1217 671 1304; x_wconf 89' lang='lat' dir='ltr'><strong>itemque</strong></span> <span class='ocrx_word' id='word_1_85' title='bbox 691 1241 731 1284; x_wconf 87' lang='lat' dir='ltr'><strong>ex</strong></span> <span class='ocrx_word' id='word_1_86' title='bbox 748 1217 920 1304; x_wconf 81' lang='lat' dir='ltr'><strong>OEdipod&#39;n</strong></span> <span class='ocrx_word' id='word_1_87' title='bbox 944 1218 1076 1285; x_wconf 87' lang='lat' dir='ltr'><strong>filiorum</strong></span> <span class='ocrx_word' id='word_1_88' title='bbox 1100 1218 1232 1285; x_wconf 79' lang='lat' dir='ltr'><strong>historie</strong></span> 
     </span>
     <span class='ocr_line' id='line_1_11' title="bbox 132 1316 1232 1405; baseline 0.001 -21"><span class='ocrx_word' id='word_1_89' title='bbox 132 1326 275 1405; x_wconf 82' lang='lat' dir='ltr'><strong>apparet,</strong></span> <span class='ocrx_word' id='word_1_90' title='bbox 293 1326 326 1384; x_wconf 94' lang='lat' dir='ltr'><strong>et</strong></span> <span class='ocrx_word' id='word_1_91' title='bbox 342 1326 431 1384; x_wconf 83' lang='lat' dir='ltr'><strong>vetus</strong></span> <span class='ocrx_word' id='word_1_92' title='bbox 447 1317 571 1384; x_wconf 76' lang='lat' dir='ltr'><strong>2Attica</strong></span> <span class='ocrx_word' id='word_1_93' title='bbox 584 1318 668 1383; x_wconf 87' lang='lat' dir='ltr'><strong>inter</strong></span> <span class='ocrx_word' id='word_1_94' title='bbox 682 1316 850 1383; x_wconf 82' lang='lat' dir='ltr'><strong>Pandionis</strong></span> <span class='ocrx_word' id='word_1_95' title='bbox 864 1316 979 1384; x_wconf 89' lang='lat' dir='ltr'><strong>liberos</strong></span> <span class='ocrx_word' id='word_1_96' title='bbox 995 1317 1094 1384; x_wconf 79' lang='lat' dir='ltr'><strong>divisa</strong></span> <span class='ocrx_word' id='word_1_97' title='bbox 1110 1326 1177 1397; x_wconf 76' lang='grc' dir='ltr'>θοις</span> <span class='ocrx_word' id='word_1_98' title='bbox 1198 1327 1232 1385; x_wconf 88' lang='grc' dir='ltr'>οι</span> 
     </span>
     <span class='ocr_line' id='line_1_12' title="bbox 133 1415 1230 1504; baseline 0.002 -22"><span class='ocrx_word' id='word_1_99' title='bbox 133 1439 205 1504; x_wconf 78' lang='lat' dir='ltr'><strong>que</strong></span> <span class='ocrx_word' id='word_1_100' title='bbox 219 1418 321 1484; x_wconf 82' lang='lat' dir='ltr'><strong>³circs</strong></span> <span class='ocrx_word' id='word_1_101' title='bbox 335 1417 482 1483; x_wconf 89' lang='lat' dir='ltr'><strong>Rhodum</strong></span> <span class='ocrx_word' id='word_1_102' title='bbox 494 1417 576 1483; x_wconf 90' lang='lat' dir='ltr'><strong>inter</strong></span> <span class='ocrx_word' id='word_1_103' title='bbox 594 1415 761 1492; x_wconf 84' lang='lat' dir='ltr'><strong>Camirum,</strong></span> <span class='ocrx_word' id='word_1_104' title='bbox 778 1415 935 1504; x_wconf 79' lang='lat' dir='ltr'><strong>Jslysum,</strong></span> <span class='ocrx_word' id='word_1_105' title='bbox 951 1416 1085 1482; x_wconf 87' lang='lat' dir='ltr'><strong>Lindum</strong></span> <span class='ocrx_word' id='word_1_106' title='bbox 1101 1417 1230 1497; x_wconf 66' lang='lat' dir='ltr'><strong>fratrem</strong></span> 
     </span>
     <span class='ocr_line' id='line_1_13' title="bbox 133 1515 1233 1607; baseline 0.003 -26"><span class='ocrx_word' id='word_1_107' title='bbox 133 1527 167 1582; x_wconf 89' lang='lat' dir='ltr'><strong>et</strong></span> <span class='ocrx_word' id='word_1_108' title='bbox 181 1539 313 1607; x_wconf 91' lang='lat' dir='ltr'><strong>regnum</strong></span> <span class='ocrx_word' id='word_1_109' title='bbox 330 1515 482 1605; x_wconf 79' lang='lat' dir='ltr'><strong>Argivum</strong></span> <span class='ocrx_word' id='word_1_110' title='bbox 499 1516 581 1582; x_wconf 91' lang='lat' dir='ltr'><strong>inter</strong></span> <span class='ocrx_word' id='word_1_111' title='bbox 596 1523 730 1602; x_wconf 74' lang='lat' dir='ltr'><strong>quatuor</strong></span> <span class='ocrx_word' id='word_1_112' title='bbox 747 1516 854 1582; x_wconf 88' lang='lat' dir='ltr'><strong>Persei</strong></span> <span class='ocrx_word' id='word_1_113' title='bbox 874 1515 965 1601; x_wconf 82' lang='lat' dir='ltr'><strong>filios)</strong></span> <span class='ocrx_word' id='word_1_114' title='bbox 982 1515 1175 1583; x_wconf 87' lang='lat' dir='ltr'><strong>individuum</strong></span> <span class='ocrx_word' id='word_1_115' title='bbox 1191 1517 1233 1584; x_wconf 92' lang='lat' dir='ltr'><strong>sit</strong></span> 
     </span>
     <span class='ocr_line' id='line_1_14' title="bbox 131 1614 1233 1705; baseline 0.003 -25"><span class='ocrx_word' id='word_1_116' title='bbox 131 1637 275 1705; x_wconf 88' lang='lat' dir='ltr'><strong>regnum,</strong></span> <span class='ocrx_word' id='word_1_117' title='bbox 302 1616 376 1704; x_wconf 88' lang='lat' dir='ltr'><strong>quia</strong></span> <span class='ocrx_word' id='word_1_118' title='bbox 398 1615 430 1682; x_wconf 92' lang='lat' dir='ltr'><strong>id</strong></span> <span class='ocrx_word' id='word_1_119' title='bbox 456 1615 498 1682; x_wconf 86' lang='lat' dir='ltr'><strong>ed</strong></span> <span class='ocrx_word' id='word_1_120' title='bbox 518 1614 667 1681; x_wconf 90' lang='lat' dir='ltr'><strong>tuendum</strong></span> <span class='ocrx_word' id='word_1_121' title='bbox 689 1635 822 1704; x_wconf 92' lang='lat' dir='ltr'><strong>regnum</strong></span> <span class='ocrx_word' id='word_1_122' title='bbox 847 1622 880 1681; x_wconf 93' lang='lat' dir='ltr'><strong>et</strong></span> <span class='ocrx_word' id='word_1_123' title='bbox 902 1615 1013 1682; x_wconf 82' lang='lat' dir='ltr'><strong>civium</strong></span> <span class='ocrx_word' id='word_1_124' title='bbox 1038 1616 1233 1683; x_wconf 81' lang='lat' dir='ltr'><strong>concordiam</strong></span> 
     </span>
     <span class='ocr_line' id='line_1_15' title="bbox 132 1713 1376 1801; baseline 0.003 -22"><span class='ocrx_word' id='word_1_125' title='bbox 132 1714 298 1801; x_wconf 91' lang='lat' dir='ltr'><strong>plurimum</strong></span> <span class='ocrx_word' id='word_1_126' title='bbox 320 1715 415 1782; x_wconf 85' lang='lat' dir='ltr'><strong>valet.</strong></span> <span class='ocrx_word' id='word_1_127' title='bbox 465 1715 607 1780; x_wconf 75' lang='lat' dir='ltr'><strong>lustinus</strong></span> <span class='ocrx_word' id='word_1_128' title='bbox 631 1713 712 1779; x_wconf 92' lang='lat' dir='ltr'><strong>libro</strong></span> <span class='ocrx_word' id='word_1_129' title='bbox 730 1735 799 1778; x_wconf 82' lang='lat' dir='ltr'><strong>xxi.</strong></span> <span class='ocrx_word' id='word_1_130' title='bbox 826 1717 980 1781; x_wconf 77' lang='lat' dir='ltr'><strong>Firmius</strong></span> <span class='ocrx_word' id='word_1_131' title='bbox 989 1715 1149 1801; x_wconf 81' lang='lat' dir='ltr'><strong>futorum</strong></span> <span class='ocrx_word' id='word_1_132' title='bbox 1168 1731 1376 1783; x_wconf 48' lang='lat' dir='ltr'><strong>rossontus</strong></span> 
     </span>
     <span class='ocr_line' id='line_1_16' title="bbox 132 1816 1234 1902; baseline 0.003 -23"><span class='ocrx_word' id='word_1_133' title='bbox 132 1837 275 1898; x_wconf 73' lang='lat' dir='ltr'><strong>regnum,</strong></span> <span class='ocrx_word' id='word_1_134' title='bbox 304 1817 336 1882; x_wconf 82' lang='lat' dir='ltr'><strong>si</strong></span> <span class='ocrx_word' id='word_1_135' title='bbox 355 1838 454 1902; x_wconf 82' lang='lat' dir='ltr'><strong>penes</strong></span> <span class='ocrx_word' id='word_1_136' title='bbox 478 1837 578 1879; x_wconf 77' lang='lat' dir='ltr'><strong>eccm</strong></span> <span class='ocrx_word' id='word_1_137' title='bbox 607 1816 822 1889; x_wconf 58' lang='lat' dir='ltr'><strong>repromissor,</strong></span> <span class='ocrx_word' id='word_1_138' title='bbox 848 1837 947 1900; x_wconf 79' lang='lat' dir='ltr'><strong>quam</strong></span> <span class='ocrx_word' id='word_1_139' title='bbox 972 1818 1004 1880; x_wconf 83' lang='lat' dir='ltr'><strong>si</strong></span> <span class='ocrx_word' id='word_1_140' title='bbox 1023 1818 1234 1901; x_wconf 77' lang='lat' dir='ltr'><strong>portionibus</strong></span> 
     </span>
     <span class='ocr_line' id='line_1_17' title="bbox 133 1914 953 1999; baseline 0.001 -21"><span class='ocrx_word' id='word_1_141' title='bbox 133 1917 219 1980; x_wconf 77' lang='lat' dir='ltr'><strong>inter</strong></span> <span class='ocrx_word' id='word_1_142' title='bbox 232 1916 346 1999; x_wconf 83' lang='lat' dir='ltr'><strong>plures</strong></span> <span class='ocrx_word' id='word_1_143' title='bbox 356 1916 446 1997; x_wconf 80' lang='lat' dir='ltr'><strong>filios</strong></span> <span class='ocrx_word' id='word_1_144' title='bbox 462 1916 677 1990; x_wconf 81' lang='lat' dir='ltr'><strong>divideretur,</strong></span> <span class='ocrx_word' id='word_1_145' title='bbox 695 1914 953 1980; x_wconf 80' lang='lat' dir='ltr'><strong>arbitrabantur.</strong></span> 
     </span>
    </p>

    <p class='ocr_par' dir='ltr' id='par_1_4' title="bbox 134 2011 1234 2200">
     <span class='ocr_line' id='line_1_18' title="bbox 204 2011 1234 2099; baseline 0.002 -21"><span class='ocrx_word' id='word_1_146' title='bbox 204 2014 278 2079; x_wconf 86' lang='lat' dir='ltr'><strong>XV.</strong></span> <span class='ocrx_word' id='word_1_147' title='bbox 329 2013 483 2087; x_wconf 88' lang='lat' dir='ltr'><strong>Alterum,</strong></span> <span class='ocrx_word' id='word_1_148' title='bbox 500 2021 536 2078; x_wconf 91' lang='lat' dir='ltr'><strong>ut</strong></span> <span class='ocrx_word' id='word_1_149' title='bbox 552 2011 701 2078; x_wconf 79' lang='lat' dir='ltr'><strong>successio</strong></span> <span class='ocrx_word' id='word_1_150' title='bbox 721 2020 784 2078; x_wconf 88' lang='lat' dir='ltr'><strong>stet</strong></span> <span class='ocrx_word' id='word_1_151' title='bbox 799 2012 884 2077; x_wconf 88' lang='lat' dir='ltr'><strong>intra</strong></span> <span class='ocrx_word' id='word_1_152' title='bbox 900 2012 1021 2099; x_wconf 89' lang='lat' dir='ltr'><strong>eosqui</strong></span> <span class='ocrx_word' id='word_1_153' title='bbox 1042 2012 1234 2080; x_wconf 89' lang='lat' dir='ltr'><strong>descendunt</strong></span> 
     </span>
     <span class='ocr_line' id='line_1_19' title="bbox 134 2109 1233 2200; baseline -0.001 -23"><span class='ocrx_word' id='word_1_154' title='bbox 134 2132 156 2177; x_wconf 85' lang='lat' dir='ltr'><strong>s</strong></span> <span class='ocrx_word' id='word_1_155' title='bbox 171 2109 271 2197; x_wconf 91' lang='lat' dir='ltr'><strong>primo</strong></span> <span class='ocrx_word' id='word_1_156' title='bbox 287 2132 383 2200; x_wconf 92' lang='lat' dir='ltr'><strong>rege:</strong></span> <span class='ocrx_word' id='word_1_157' title='bbox 409 2132 449 2177; x_wconf 86' lang='lat' dir='ltr'><strong>ea</strong></span> <span class='ocrx_word' id='word_1_158' title='bbox 465 2110 546 2176; x_wconf 92' lang='lat' dir='ltr'><strong>enim</strong></span> <span class='ocrx_word' id='word_1_159' title='bbox 562 2110 680 2177; x_wconf 82' lang='lat' dir='ltr'><strong>familis</strong></span> <span class='ocrx_word' id='word_1_160' title='bbox 700 2109 740 2177; x_wconf 96' lang='lat' dir='ltr'><strong>ob</strong></span> <span class='ocrx_word' id='word_1_161' title='bbox 757 2109 950 2176; x_wconf 76' lang='lat' dir='ltr'><strong>nobilitatem</strong></span> <span class='ocrx_word' id='word_1_162' title='bbox 965 2111 1064 2178; x_wconf 85' lang='lat' dir='ltr'><strong>electa</strong></span> <span class='ocrx_word' id='word_1_163' title='bbox 1080 2121 1233 2192; x_wconf 89' lang='lat' dir='ltr'><strong>censetur,</strong></span> 
     </span>
    </p>
   </div>
   <div class='ocr_carea' id='block_1_3' title="bbox 135 2305 1237 2514">
    <p class='ocr_par' dir='ltr' id='par_1_5' title="bbox 135 2305 1237 2514">
     <span class='ocr_line' id='line_1_20' title="bbox 136 2305 911 2368; baseline 0.004 -16"><span class='ocrx_word' id='word_1_164' title='bbox 136 2305 232 2352; x_wconf 82' lang='lat' dir='ltr'><strong>Servius</strong></span> <span class='ocrx_word' id='word_1_165' title='bbox 242 2305 273 2352; x_wconf 88' lang='lat' dir='ltr'><strong>ad</strong></span> <span class='ocrx_word' id='word_1_166' title='bbox 283 2305 343 2352; x_wconf 89' lang='lat' dir='ltr'><strong>illud</strong></span> <span class='ocrx_word' id='word_1_167' title='bbox 353 2305 470 2353; x_wconf 82' lang='lat' dir='ltr'><strong>AEneidos</strong></span> <span class='ocrx_word' id='word_1_168' title='bbox 483 2307 534 2366; x_wconf 87' lang='lat'><strong>(111.</strong></span> <span class='ocrx_word' id='word_1_169' title='bbox 544 2307 598 2367; x_wconf 74' lang='lat'><strong>16):</strong></span> <span class='ocrx_word' id='word_1_170' title='bbox 613 2307 659 2355; x_wconf 84' lang='lat' dir='ltr'><strong>So·</strong></span> <span class='ocrx_word' id='word_1_171' title='bbox 710 2307 911 2368; x_wconf 71' lang='lat' dir='ltr'><strong>expeditionibus.</strong></span> 
     </span>
     <span class='ocr_line' id='line_1_21' title="bbox 135 2377 1237 2443; baseline 0.003 -17"><span class='ocrx_word' id='word_1_172' title='bbox 135 2381 326 2440; x_wconf 79' lang='lat' dir='ltr'><strong>ciiquspenotss.</strong></span> <span class='ocrx_word' id='word_1_173' title='bbox 347 2381 376 2426; x_wconf 91' lang='lat' dir='ltr'><strong>ln</strong></span> <span class='ocrx_word' id='word_1_174' title='bbox 389 2381 659 2430; x_wconf 84' lang='lat' dir='ltr'><strong>CretsMinosetRhe·</strong></span> <span class='ocrx_word' id='word_1_175' title='bbox 755 2380 850 2426; x_wconf 72' lang='lat' dir='ltr'><strong>‘Zetis’</strong></span> <span class='ocrx_word' id='word_1_176' title='bbox 872 2386 894 2427; x_wconf 82' lang='lat' dir='ltr'><strong>et</strong></span> <span class='ocrx_word' id='word_1_177' title='bbox 918 2377 1069 2441; x_wconf 75' lang='lat' dir='ltr'><strong>Amphionis]</strong></span> <span class='ocrx_word' id='word_1_178' title='bbox 1111 2380 1237 2443; x_wconf 83' lang='lat' dir='ltr'><strong>Euripides</strong></span> 
     </span>
     <span class='ocr_line' id='line_1_22' title="bbox 136 2453 1072 2514; baseline 0.007 -17"><span class='ocrx_word' id='word_1_179' title='bbox 136 2456 290 2504; x_wconf 78' lang='lat' dir='ltr'><strong>damanthus,</strong></span> <span class='ocrx_word' id='word_1_180' title='bbox 320 2456 433 2502; x_wconf 72' lang='lat' dir='ltr'><strong>Julianus</strong></span> <span class='ocrx_word' id='word_1_181' title='bbox 452 2463 535 2504; x_wconf 76' lang='lat' dir='ltr'><strong>contra</strong></span> <span class='ocrx_word' id='word_1_182' title='bbox 557 2458 660 2506; x_wconf 53' lang='lat' dir='ltr'><strong>Christi.</strong></span> <span class='ocrx_word' id='word_1_183' title='bbox 711 2453 817 2502; x_wconf 77' lang='lat' dir='ltr'><strong>Hercule</strong></span> <span class='ocrx_word' id='word_1_184' title='bbox 826 2455 931 2501; x_wconf 68' lang='lat' dir='ltr'><strong>hhrmre</strong></span> <span class='ocrx_word' id='word_1_185' title='bbox 940 2455 1009 2513; x_wconf 76' lang='lat' dir='ltr'><strong>(vers.</strong></span> <span class='ocrx_word' id='word_1_186' title='bbox 1020 2456 1072 2514; x_wconf 76' lang='lat'>29)=</span> 
     </span>
    </p>
   </div>
   <div class='ocr_carea' id='block_1_4' title="bbox 134 2529 1192 2667">
    <p class='ocr_par' dir='ltr' id='par_1_6' title="bbox 134 2529 1192 2667">
     <span class='ocr_line' id='line_1_23' title="bbox 134 2529 1192 2601; baseline 0.016 -27"><span class='ocrx_word' id='word_1_187' title='bbox 134 2543 202 2575; x_wconf 80' lang='lat' dir='ltr'><strong>anos.</strong></span> <span class='ocrx_word' id='word_1_188' title='bbox 218 2529 287 2590; x_wconf 88' lang='lat' dir='ltr'><strong>(Pug.</strong></span> <span class='ocrx_word' id='word_1_189' title='bbox 299 2530 343 2578; x_wconf 84' lang='lat'><strong>190</strong></span> <span class='ocrx_word' id='word_1_190' title='bbox 352 2544 378 2576; x_wconf 86' lang='grc' dir='ltr'><strong>ο.</strong></span> <span class='ocrx_word' id='word_1_191' title='bbox 395 2530 443 2577; x_wconf 81' lang='lat' dir='ltr'><strong>Ed.</strong></span> <span class='ocrx_word' id='word_1_192' title='bbox 458 2530 560 2592; x_wconf 70' lang='lat' dir='ltr'><strong>Sparsi.)</strong></span> <span class='ocrx_word' id='word_1_193' title='bbox 590 2533 661 2579; x_wconf 78' lang='lat' dir='ltr'><strong>Albus</strong></span> <span class='ocrx_word' id='word_1_194' title='bbox 749 2546 1192 2601; x_wconf 70' lang='grc' dir='ltr'><strong>τῷλωκοπόλῦπρὶντυρανοῑσωχθονις</strong></span> 
     </span>
     <span class='ocr_line' id='line_1_24' title="bbox 135 2602 1122 2667; baseline 0.006 -18"><span class='ocrx_word' id='word_1_195' title='bbox 135 2602 250 2650; x_wconf 82' lang='lat' dir='ltr'><strong>Numitor</strong></span> <span class='ocrx_word' id='word_1_196' title='bbox 269 2607 295 2650; x_wconf 87' lang='lat' dir='ltr'><strong>et</strong></span> <span class='ocrx_word' id='word_1_197' title='bbox 315 2605 436 2663; x_wconf 78' lang='lat' dir='ltr'><strong>Amulius,</strong></span> <span class='ocrx_word' id='word_1_198' title='bbox 454 2610 483 2651; x_wconf 91' lang='grc' dir='ltr'><strong>ιιι</strong></span> <span class='ocrx_word' id='word_1_199' title='bbox 506 2606 602 2666; x_wconf 85' lang='lat' dir='ltr'><strong>quidam</strong></span> <span class='ocrx_word' id='word_1_200' title='bbox 626 2606 661 2653; x_wconf 76' lang='lat' dir='ltr'><strong>sit</strong></span> <span class='ocrx_word' id='word_1_201' title='bbox 748 2612 968 2665; x_wconf 68' lang='grc' dir='ltr'><strong>Ἀμφίον’»ιιιῑῆθοη</strong></span> <span class='ocrx_word' id='word_1_202' title='bbox 980 2613 1057 2667; x_wconf 67' lang='lat' dir='ltr'><strong>tque</strong></span> <span class='ocrx_word' id='word_1_203' title='bbox 1065 2615 1122 2660; x_wconf 77' lang='grc' dir='ltr'>Διός.</span> 
     </span>
    </p>
   </div>
   <div class='ocr_carea' id='block_1_5' title="bbox 135 2679 1208 2816">
    <p class='ocr_par' dir='ltr' id='par_1_7' title="bbox 135 2679 1208 2816">
     <span class='ocr_line' id='line_1_25' title="bbox 136 2679 1204 2747; baseline 0.013 -23"><span class='ocrx_word' id='word_1_204' title='bbox 136 2679 239 2739; x_wconf 84' lang='lat' dir='ltr'><strong>scriptor</strong></span> <span class='ocrx_word' id='word_1_205' title='bbox 248 2680 279 2725; x_wconf 90' lang='lat' dir='ltr'><strong>de</strong></span> <span class='ocrx_word' id='word_1_206' title='bbox 289 2679 354 2726; x_wconf 86' lang='lat' dir='ltr'><strong>Viris</strong></span> <span class='ocrx_word' id='word_1_207' title='bbox 369 2679 510 2728; x_wconf 81' lang='lat' dir='ltr'><strong>illustribus.</strong></span> <span class='ocrx_word' id='word_1_208' title='bbox 521 2680 551 2739; x_wconf 88' lang='grc' dir='ltr'><strong>(ο.</strong></span> <span class='ocrx_word' id='word_1_209' title='bbox 564 2681 596 2739; x_wconf 92' lang='grc'><strong>1.)</strong></span> <span class='ocrx_word' id='word_1_210' title='bbox 610 2681 662 2728; x_wconf 86' lang='lat' dir='ltr'><strong>Alii</strong></span> <span class='ocrx_word' id='word_1_211' title='bbox 748 2695 843 2744; x_wconf 58' lang='lat' dir='ltr'><strong>nagnam</strong></span> <span class='ocrx_word' id='word_1_212' title='bbox 851 2696 971 2744; x_wconf 67' lang='lat' dir='ltr'><strong>pittacium</strong></span> <span class='ocrx_word' id='word_1_213' title='bbox 978 2697 1204 2747; x_wconf 80' lang='lat' dir='ltr'><strong>vomtadclarossquts</strong></span> 
     </span>
     <span class='ocr_line' id='line_1_26' title="bbox 135 2755 1208 2816; baseline -0.001 -15"><span class='ocrx_word' id='word_1_214' title='bbox 135 2755 198 2801; x_wconf 87' lang='lat' dir='ltr'><strong>enim</strong></span> <span class='ocrx_word' id='word_1_215' title='bbox 210 2755 331 2802; x_wconf 81' lang='lat' dir='ltr'><strong>Numitori</strong></span> <span class='ocrx_word' id='word_1_216' title='bbox 341 2756 462 2815; x_wconf 82' lang='lat' dir='ltr'><strong>pecunias,</strong></span> <span class='ocrx_word' id='word_1_217' title='bbox 475 2769 576 2816; x_wconf 82' lang='lat' dir='ltr'><strong>regnum</strong></span> <span class='ocrx_word' id='word_1_218' title='bbox 586 2756 662 2803; x_wconf 89' lang='lat' dir='ltr'><strong>Amn-</strong></span> <span class='ocrx_word' id='word_1_219' title='bbox 747 2758 884 2806; x_wconf 78' lang='lat' dir='ltr'><strong>Amphionem</strong></span> <span class='ocrx_word' id='word_1_220' title='bbox 892 2759 1026 2808; x_wconf 75' lang='lat' dir='ltr'><strong>Zsthumqus,</strong></span> <span class='ocrx_word' id='word_1_221' title='bbox 1035 2761 1208 2809; x_wconf 71' lang='lat' dir='ltr'><strong>prognatostors.</strong></span> 
     </span>
    </p>
   </div>
   <div class='ocr_carea' id='block_1_6' title="bbox 134 2829 1239 3340">
    <p class='ocr_par' dir='ltr' id='par_1_8' title="bbox 135 2829 1239 3194">
     <span class='ocr_line' id='line_1_27' title="bbox 135 2829 1239 2895; baseline 0.009 -21"><span class='ocrx_word' id='word_1_222' title='bbox 135 2829 169 2874; x_wconf 89' lang='lat' dir='ltr'><strong>lio</strong></span> <span class='ocrx_word' id='word_1_223' title='bbox 188 2830 285 2876; x_wconf 85' lang='lat' dir='ltr'><strong>cessisse</strong></span> <span class='ocrx_word' id='word_1_224' title='bbox 304 2830 379 2886; x_wconf 77' lang='lat' dir='ltr'><strong>siunt,</strong></span> <span class='ocrx_word' id='word_1_225' title='bbox 395 2835 423 2876; x_wconf 91' lang='lat' dir='ltr'><strong>ut</strong></span> <span class='ocrx_word' id='word_1_226' title='bbox 446 2830 601 2877; x_wconf 66' lang='lat' dir='ltr'><strong>Plutarchum</strong></span> <span class='ocrx_word' id='word_1_227' title='bbox 626 2832 661 2891; x_wconf 89' lang='lat' dir='ltr'><strong>(in</strong></span> <span class='ocrx_word' id='word_1_228' title='bbox 756 2833 874 2880; x_wconf 76' lang='lat' dir='ltr'><strong>’Divisio</strong></span> <span class='ocrx_word' id='word_1_229' title='bbox 892 2835 980 2881; x_wconf 81' lang='lat' dir='ltr'><strong>veteris</strong></span> <span class='ocrx_word' id='word_1_230' title='bbox 996 2836 1077 2895; x_wconf 86' lang='lat' dir='ltr'><strong>Regni</strong></span> <span class='ocrx_word' id='word_1_231' title='bbox 1087 2836 1239 2884; x_wconf 76' lang='lat' dir='ltr'><strong>Athenarum</strong></span> 
     </span>
     <span class='ocr_line' id='line_1_28' title="bbox 136 2903 1237 2972; baseline 0.007 -22"><span class='ocrx_word' id='word_1_232' title='bbox 136 2904 208 2950; x_wconf 88' lang='lat' dir='ltr'><strong>Rom.</strong></span> <span class='ocrx_word' id='word_1_233' title='bbox 219 2918 243 2963; x_wconf 90' lang='lat' dir='ltr'><strong>p.</strong></span> <span class='ocrx_word' id='word_1_234' title='bbox 254 2904 282 2952; x_wconf 88' lang='lat'><strong>19</strong></span> <span class='ocrx_word' id='word_1_235' title='bbox 292 2904 326 2962; x_wconf 77' lang='grc' dir='ltr'><strong>Δ.)</strong></span> <span class='ocrx_word' id='word_1_236' title='bbox 341 2905 403 2951; x_wconf 88' lang='lat' dir='ltr'><strong>sicut</strong></span> <span class='ocrx_word' id='word_1_237' title='bbox 412 2909 438 2951; x_wconf 90' lang='lat' dir='ltr'><strong>et</strong></span> <span class='ocrx_word' id='word_1_238' title='bbox 450 2903 545 2952; x_wconf 83' lang='lat' dir='ltr'><strong>Eteocii</strong></span> <span class='ocrx_word' id='word_1_239' title='bbox 560 2918 662 2965; x_wconf 84' lang='lat' dir='ltr'><strong>regnum</strong></span> <span class='ocrx_word' id='word_1_240' title='bbox 712 2909 838 2968; x_wconf 81' lang='lat' dir='ltr'><strong>spectubst</strong></span> <span class='ocrx_word' id='word_1_241' title='bbox 850 2922 931 2969; x_wconf 82' lang='lat' dir='ltr'><strong>egros,</strong></span> <span class='ocrx_word' id='word_1_242' title='bbox 945 2923 994 2955; x_wconf 92' lang='lat' dir='ltr'><strong>non</strong></span> <span class='ocrx_word' id='word_1_243' title='bbox 1011 2914 1092 2957; x_wconf 84' lang='lat' dir='ltr'><strong>eutem</strong></span> <span class='ocrx_word' id='word_1_244' title='bbox 1102 2911 1237 2972; x_wconf 77' lang='lat' dir='ltr'><strong>imperium,</strong></span> 
     </span>
     <span class='ocr_line' id='line_1_29' title="bbox 137 2979 1239 3048; baseline 0.009 -24"><span class='ocrx_word' id='word_1_245' title='bbox 137 2979 288 3035; x_wconf 81' lang='lat' dir='ltr'><strong>Thebanum,</strong></span> <span class='ocrx_word' id='word_1_246' title='bbox 304 2980 410 3041; x_wconf 75' lang='lat' dir='ltr'><strong>Polynici</strong></span> <span class='ocrx_word' id='word_1_247' title='bbox 430 2980 481 3039; x_wconf 90' lang='lat' dir='ltr'><strong>ejus</strong></span> <span class='ocrx_word' id='word_1_248' title='bbox 500 2981 554 3026; x_wconf 91' lang='lat' dir='ltr'><strong>ioco</strong></span> <span class='ocrx_word' id='word_1_249' title='bbox 573 2981 662 3028; x_wconf 87' lang='lat' dir='ltr'><strong>monile</strong></span> <span class='ocrx_word' id='word_1_250' title='bbox 713 2986 777 3044; x_wconf 89' lang='lat' dir='ltr'><strong>quod</strong></span> <span class='ocrx_word' id='word_1_251' title='bbox 792 2986 835 3032; x_wconf 91' lang='lat' dir='ltr'><strong>nni</strong></span> <span class='ocrx_word' id='word_1_252' title='bbox 849 2986 969 3043; x_wconf 80' lang='lat' dir='ltr'><strong>manebat,</strong></span> <span class='ocrx_word' id='word_1_253' title='bbox 984 2990 1014 3034; x_wconf 90' lang='lat' dir='ltr'><strong>nt</strong></span> <span class='ocrx_word' id='word_1_254' title='bbox 1028 2988 1122 3034; x_wconf 80' lang='lat' dir='ltr'><strong>Auctor</strong></span> <span class='ocrx_word' id='word_1_255' title='bbox 1135 2988 1239 3048; x_wconf 87' lang='lat' dir='ltr'><strong>ipsesu·</strong></span> 
     </span>
     <span class='ocr_line' id='line_1_30' title="bbox 135 3054 1238 3123; baseline 0.008 -23"><span class='ocrx_word' id='word_1_256' title='bbox 135 3055 278 3100; x_wconf 87' lang='lat' dir='ltr'><strong>Hermiones</strong></span> <span class='ocrx_word' id='word_1_257' title='bbox 288 3054 515 3114; x_wconf 83' lang='lat' dir='ltr'><strong>obvenissequidam</strong></span> <span class='ocrx_word' id='word_1_258' title='bbox 525 3056 662 3116; x_wconf 86' lang='lat' dir='ltr'><strong>prodidere.</strong></span> <span class='ocrx_word' id='word_1_259' title='bbox 712 3073 758 3121; x_wconf 90' lang='lat' dir='ltr'><strong>pra</strong></span> <span class='ocrx_word' id='word_1_260' title='bbox 776 3060 917 3117; x_wconf 79' lang='lat' dir='ltr'><strong>observarit,</strong></span> <span class='ocrx_word' id='word_1_261' title='bbox 938 3060 962 3106; x_wconf 91' lang='lat' dir='ltr'><strong>in</strong></span> <span class='ocrx_word' id='word_1_262' title='bbox 985 3061 1051 3108; x_wconf 83' lang='lat' dir='ltr'><strong>Nota</strong></span> <span class='ocrx_word' id='word_1_263' title='bbox 1072 3062 1103 3108; x_wconf 81' lang='lat' dir='ltr'><strong>sd</strong></span> <span class='ocrx_word' id='word_1_264' title='bbox 1126 3061 1186 3123; x_wconf 80' lang='lat' dir='ltr'><strong>Cap.</strong></span> <span class='ocrx_word' id='word_1_265' title='bbox 1204 3063 1238 3109; x_wconf 90' lang='lat' dir='ltr'><strong>iii.</strong></span> 
     </span>
     <span class='ocr_line' id='line_1_31' title="bbox 136 3129 1013 3194; baseline 0.009 -19"><span class='ocrx_word' id='word_1_266' title='bbox 136 3129 530 3191; x_wconf 83' lang='lat' dir='ltr'><strong>[Vid.SaholiastenEuripidis,in</strong></span> <span class='ocrx_word' id='word_1_267' title='bbox 543 3132 661 3179; x_wconf 72' lang='lat' dir='ltr'><strong>Phanias.</strong></span> <span class='ocrx_word' id='word_1_268' title='bbox 713 3133 913 3194; x_wconf 71' lang='lat' dir='ltr'><strong>hrp&#39;uslibri,§4.</strong></span> <span class='ocrx_word' id='word_1_269' title='bbox 943 3134 1013 3183; x_wconf 77' lang='lat' dir='ltr'><strong>J.13.</strong></span> 
     </span>
    </p>

    <p class='ocr_par' dir='ltr' id='par_1_9' title="bbox 134 3205 1238 3340">
     <span class='ocr_line' id='line_1_32' title="bbox 134 3205 1238 3270; baseline 0.008 -21"><span class='ocrx_word' id='word_1_270' title='bbox 134 3217 197 3250; x_wconf 84' lang='lat' dir='ltr'><strong>wera.</strong></span> <span class='ocrx_word' id='word_1_271' title='bbox 208 3205 257 3263; x_wconf 70' lang='lat' dir='ltr'><strong>ih]</strong></span> <span class='ocrx_word' id='word_1_272' title='bbox 273 3205 330 3250; x_wconf 84' lang='lat' dir='ltr'><strong>Pari</strong></span> <span class='ocrx_word' id='word_1_273' title='bbox 342 3206 414 3250; x_wconf 92' lang='lat' dir='ltr'><strong>modo</strong></span> <span class='ocrx_word' id='word_1_274' title='bbox 424 3205 449 3250; x_wconf 89' lang='lat' dir='ltr'><strong>in</strong></span> <span class='ocrx_word' id='word_1_275' title='bbox 459 3205 583 3264; x_wconf 80' lang='lat' dir='ltr'><strong>Nomgis</strong></span> <span class='ocrx_word' id='word_1_276' title='bbox 592 3205 664 3252; x_wconf 84' lang='lat' dir='ltr'><strong>elteri</strong></span> <span class='ocrx_word' id='word_1_277' title='bbox 758 3206 872 3254; x_wconf 72' lang='lat' dir='ltr'><strong>&#39;Refert</strong></span> <span class='ocrx_word' id='word_1_278' title='bbox 896 3207 922 3254; x_wconf 88' lang='lat' dir='ltr'><strong>id</strong></span> <span class='ocrx_word' id='word_1_279' title='bbox 942 3209 1085 3267; x_wconf 76' lang='lat' dir='ltr'><strong>Prsnrnns,</strong></span> <span class='ocrx_word' id='word_1_280' title='bbox 1106 3210 1238 3270; x_wconf 70' lang='lat' dir='ltr'><strong>Olympion-</strong></span> 
     </span>
     <span class='ocr_line' id='line_1_33' title="bbox 136 3279 1028 3340; baseline 0.007 -17"><span class='ocrx_word' id='word_1_281' title='bbox 136 3279 529 3338; x_wconf 80' lang='lat' dir='ltr'><strong>regnum,alterinaresstspeser</strong></span> <span class='ocrx_word' id='word_1_282' title='bbox 539 3279 664 3325; x_wconf 65' lang='lat' dir='ltr'><strong>mentiaris</strong></span> <span class='ocrx_word' id='word_1_283' title='bbox 715 3293 760 3325; x_wconf 86' lang='lat' dir='ltr'><strong>vu.</strong></span> <span class='ocrx_word' id='word_1_284' title='bbox 774 3282 826 3339; x_wconf 76' lang='lat'><strong>136,</strong></span> <span class='ocrx_word' id='word_1_285' title='bbox 835 3285 930 3340; x_wconf 66' lang='lat' dir='ltr'><strong>dseqq.</strong></span> <span class='ocrx_word' id='word_1_286' title='bbox 959 3282 1028 3329; x_wconf 71' lang='lat' dir='ltr'><strong>m.</strong></span> 
     </span>
    </p>
   </div>
   <div class='ocr_carea' id='block_1_7' title="bbox 135 3522 1241 4457">
    <p class='ocr_par' dir='ltr' id='par_1_10' title="bbox 135 3522 1241 4281">
     <span class='ocr_line' id='line_1_34' title="bbox 191 3522 1239 3603; baseline 0.012 -27"><span class='ocrx_word' id='word_1_287' title='bbox 191 3522 270 3576; x_wconf 88' lang='lat' dir='ltr'>XIV.</span> <span class='ocrx_word' id='word_1_288' title='bbox 315 3522 408 3578; x_wconf 85' lang='lat' dir='ltr'><strong>Those</strong></span> <span class='ocrx_word' id='word_1_289' title='bbox 434 3523 582 3594; x_wconf 87' lang='lat' dir='ltr'><strong>kingdoms</strong></span> <span class='ocrx_word' id='word_1_290' title='bbox 605 3524 696 3580; x_wconf 82' lang='lat' dir='ltr'><strong>which</strong></span> <span class='ocrx_word' id='word_1_291' title='bbox 720 3525 793 3582; x_wconf 77' lang='lat' dir='ltr'><strong>huwe</strong></span> <span class='ocrx_word' id='word_1_292' title='bbox 814 3526 931 3582; x_wconf 90' lang='lat' dir='ltr'><strong>become</strong></span> <span class='ocrx_word' id='word_1_293' title='bbox 948 3525 1110 3602; x_wconf 80' lang='lat' dir='ltr'><strong>hereditary</strong></span> <span class='ocrx_word' id='word_1_294' title='bbox 1129 3529 1168 3603; x_wconf 74' lang='lat' dir='ltr'><strong>by</strong></span> <span class='ocrx_word' id='word_1_295' title='bbox 1189 3533 1239 3590; x_wconf 89' lang='lat' dir='ltr'><strong>the</strong></span> 
     </span>
     <span class='ocr_line' id='line_1_35' title="bbox 136 3607 1239 3687; baseline 0.01 -26"><span class='ocrx_word' id='word_1_296' title='bbox 136 3607 197 3662; x_wconf 81' lang='lat' dir='ltr'><strong>free</strong></span> <span class='ocrx_word' id='word_1_297' title='bbox 209 3614 326 3663; x_wconf 88' lang='lat' dir='ltr'><strong>consent</strong></span> <span class='ocrx_word' id='word_1_298' title='bbox 340 3608 373 3663; x_wconf 86' lang='lat' dir='ltr'><strong>of</strong></span> <span class='ocrx_word' id='word_1_299' title='bbox 385 3608 435 3664; x_wconf 89' lang='lat' dir='ltr'><strong>the</strong></span> <span class='ocrx_word' id='word_1_300' title='bbox 449 3609 559 3681; x_wconf 88' lang='lat' dir='ltr'><strong>peoplc,</strong></span> <span class='ocrx_word' id='word_1_301' title='bbox 573 3626 622 3664; x_wconf 89' lang='lat' dir='ltr'><strong>are</strong></span> <span class='ocrx_word' id='word_1_302' title='bbox 636 3612 809 3667; x_wconf 78' lang='lat' dir='ltr'><strong>transferred</strong></span> <span class='ocrx_word' id='word_1_303' title='bbox 823 3612 973 3684; x_wconf 75' lang='lat' dir='ltr'><strong>according</strong></span> <span class='ocrx_word' id='word_1_304' title='bbox 984 3619 1015 3668; x_wconf 93' lang='lat' dir='ltr'><strong>to</strong></span> <span class='ocrx_word' id='word_1_305' title='bbox 1029 3611 1079 3669; x_wconf 89' lang='lat' dir='ltr'><strong>the</strong></span> <span class='ocrx_word' id='word_1_306' title='bbox 1091 3618 1239 3687; x_wconf 88' lang='lat' dir='ltr'><strong>presumed</strong></span> 
     </span>
     <span class='ocr_line' id='line_1_36' title="bbox 137 3693 1240 3769; baseline 0.013 -23"><span class='ocrx_word' id='word_1_307' title='bbox 137 3694 193 3747; x_wconf 90' lang='lat' dir='ltr'><strong>will</strong></span> <span class='ocrx_word' id='word_1_308' title='bbox 206 3693 239 3747; x_wconf 83' lang='lat' dir='ltr'><strong>of</strong></span> <span class='ocrx_word' id='word_1_309' title='bbox 250 3693 300 3748; x_wconf 91' lang='lat' dir='ltr'><strong>the</strong></span> <span class='ocrx_word' id='word_1_310' title='bbox 318 3693 429 3765; x_wconf 89' lang='lat' dir='ltr'><strong>people.</strong></span> <span class='ocrx_word' id='word_1_311' title='bbox 465 3694 527 3749; x_wconf 89' lang='lat' dir='ltr'><strong>The</strong></span> <span class='ocrx_word' id='word_1_312' title='bbox 546 3696 648 3767; x_wconf 89' lang='lat' dir='ltr'><strong>peoplo</strong></span> <span class='ocrx_word' id='word_1_313' title='bbox 665 3713 714 3752; x_wconf 87' lang='lat' dir='ltr'><strong>ere</strong></span> <span class='ocrx_word' id='word_1_314' title='bbox 733 3698 884 3769; x_wconf 87' lang='lat' dir='ltr'><strong>presumed</strong></span> <span class='ocrx_word' id='word_1_315' title='bbox 898 3704 929 3752; x_wconf 93' lang='lat' dir='ltr'><strong>to</strong></span> <span class='ocrx_word' id='word_1_316' title='bbox 948 3699 1005 3753; x_wconf 91' lang='lat' dir='ltr'><strong>will</strong></span> <span class='ocrx_word' id='word_1_317' title='bbox 1025 3699 1100 3755; x_wconf 86' lang='lat' dir='ltr'><strong>whet</strong></span> <span class='ocrx_word' id='word_1_318' title='bbox 1120 3702 1144 3757; x_wconf 85' lang='lat' dir='ltr'><strong>ia</strong></span> <span class='ocrx_word' id='word_1_319' title='bbox 1165 3711 1240 3760; x_wconf 83' lang='lat' dir='ltr'><strong>most</strong></span> 
     </span>
     <span class='ocr_line' id='line_1_37' title="bbox 135 3778 1239 3861; baseline 0.008 -27"><span class='ocrx_word' id='word_1_320' title='bbox 135 3778 294 3851; x_wconf 84' lang='lat' dir='ltr'><strong>expedient.</strong></span> <span class='ocrx_word' id='word_1_321' title='bbox 317 3779 416 3835; x_wconf 89' lang='lat' dir='ltr'><strong>Hence</strong></span> <span class='ocrx_word' id='word_1_322' title='bbox 427 3780 451 3834; x_wconf 91' lang='lat' dir='ltr'><strong>it</strong></span> <span class='ocrx_word' id='word_1_323' title='bbox 462 3779 579 3844; x_wconf 79' lang='lat' dir='ltr'><strong>follows,</strong></span> <span class='ocrx_word' id='word_1_324' title='bbox 589 3780 620 3834; x_wconf 92' lang='lat' dir='ltr'><strong>in</strong></span> <span class='ocrx_word' id='word_1_325' title='bbox 631 3780 681 3836; x_wconf 89' lang='lat' dir='ltr'><strong>the</strong></span> <span class='ocrx_word' id='word_1_326' title='bbox 692 3782 754 3837; x_wconf 83' lang='lat' dir='ltr'><strong>first</strong></span> <span class='ocrx_word' id='word_1_327' title='bbox 765 3783 854 3855; x_wconf 88' lang='lat' dir='ltr'><strong>place,</strong></span> <span class='ocrx_word' id='word_1_328' title='bbox 865 3783 929 3839; x_wconf 88' lang='lat' dir='ltr'><strong>that</strong></span> <span class='ocrx_word' id='word_1_329' title='bbox 940 3782 990 3840; x_wconf 90' lang='lat' dir='ltr'><strong>the</strong></span> <span class='ocrx_word' id='word_1_330' title='bbox 1000 3785 1134 3858; x_wconf 85' lang='lat' dir='ltr'><strong>kingdom</strong></span> <span class='ocrx_word' id='word_1_331' title='bbox 1144 3805 1239 3861; x_wconf 78' lang='lat' dir='ltr'><strong>posses</strong></span> 
     </span>
     <span class='ocr_line' id='line_1_38' title="bbox 136 3864 1240 3944; baseline 0.011 -25"><span class='ocrx_word' id='word_1_332' title='bbox 136 3865 298 3931; x_wconf 86' lang='lat' dir='ltr'><strong>undivided,</strong></span> <span class='ocrx_word' id='word_1_333' title='bbox 311 3864 431 3920; x_wconf 78' lang='lat' dir='ltr'><strong>because</strong></span> <span class='ocrx_word' id='word_1_334' title='bbox 445 3864 508 3920; x_wconf 80' lang='lat' dir='ltr'><strong>that</strong></span> <span class='ocrx_word' id='word_1_335' title='bbox 521 3874 720 3937; x_wconf 73' lang='lat' dir='ltr'><strong>arrangement</strong></span> <span class='ocrx_word' id='word_1_336' title='bbox 739 3869 763 3924; x_wconf 91' lang='lat' dir='ltr'><strong>is</strong></span> <span class='ocrx_word' id='word_1_337' title='bbox 783 3870 816 3924; x_wconf 86' lang='lat' dir='ltr'><strong>oi</strong></span> <span class='ocrx_word' id='word_1_338' title='bbox 830 3875 911 3940; x_wconf 85' lang='lat' dir='ltr'><strong>great</strong></span> <span class='ocrx_word' id='word_1_339' title='bbox 924 3887 975 3926; x_wconf 87' lang='lat' dir='ltr'><strong>uso</strong></span> <span class='ocrx_word' id='word_1_340' title='bbox 991 3876 1022 3927; x_wconf 84' lang='lat' dir='ltr'><strong>to</strong></span> <span class='ocrx_word' id='word_1_341' title='bbox 1039 3889 1170 3944; x_wconf 80' lang='lat' dir='ltr'><strong>preserve</strong></span> <span class='ocrx_word' id='word_1_342' title='bbox 1190 3876 1240 3932; x_wconf 92' lang='lat' dir='ltr'><strong>tho</strong></span> 
     </span>
     <span class='ocr_line' id='line_1_39' title="bbox 136 3949 1241 4030; baseline 0.011 -24"><span class='ocrx_word' id='word_1_343' title='bbox 136 3957 210 4007; x_wconf 88' lang='lat' dir='ltr'><strong>state</strong></span> <span class='ocrx_word' id='word_1_344' title='bbox 221 3951 278 4005; x_wconf 82' lang='lat' dir='ltr'><strong>and</strong></span> <span class='ocrx_word' id='word_1_345' title='bbox 293 3949 343 4005; x_wconf 91' lang='lat' dir='ltr'><strong>the</strong></span> <span class='ocrx_word' id='word_1_346' title='bbox 354 3951 476 4006; x_wconf 90' lang='lat' dir='ltr'><strong>concord</strong></span> <span class='ocrx_word' id='word_1_347' title='bbox 489 3951 522 4005; x_wconf 86' lang='lat' dir='ltr'><strong>oi</strong></span> <span class='ocrx_word' id='word_1_348' title='bbox 533 3951 583 4007; x_wconf 91' lang='lat' dir='ltr'><strong>the</strong></span> <span class='ocrx_word' id='word_1_349' title='bbox 598 3952 719 4008; x_wconf 85' lang='lat' dir='ltr'><strong>citizens.</strong></span> <span class='ocrx_word' id='word_1_350' title='bbox 754 3954 794 4008; x_wconf 79' lang='lat' dir='ltr'><strong>So</strong></span> <span class='ocrx_word' id='word_1_351' title='bbox 815 3956 910 4010; x_wconf 91' lang='lat' dir='ltr'><strong>Justin</strong></span> <span class='ocrx_word' id='word_1_352' title='bbox 922 3976 929 4011; x_wconf 83' lang='grc' dir='ltr'>ι</span> <span class='ocrx_word' id='word_1_353' title='bbox 947 3963 1048 4030; x_wconf 87' lang='lat' dir='ltr'><strong>except</strong></span> <span class='ocrx_word' id='word_1_354' title='bbox 1065 3960 1118 4013; x_wconf 89' lang='lat' dir='ltr'><strong>law</strong></span> <span class='ocrx_word' id='word_1_355' title='bbox 1129 3977 1163 4015; x_wconf 89' lang='lat' dir='ltr'><strong>or</strong></span> <span class='ocrx_word' id='word_1_356' title='bbox 1179 3979 1241 4019; x_wconf 90' lang='lat' dir='ltr'><strong>cus·</strong></span> 
     </span>
     <span class='ocr_line' id='line_1_40' title="bbox 137 4035 1241 4112; baseline 0.011 -22"><span class='ocrx_word' id='word_1_357' title='bbox 137 4043 196 4091; x_wconf 91' lang='lat' dir='ltr'><strong>tom</strong></span> <span class='ocrx_word' id='word_1_358' title='bbox 209 4036 307 4091; x_wconf 86' lang='lat' dir='ltr'><strong>ordein</strong></span> <span class='ocrx_word' id='word_1_359' title='bbox 320 4035 476 4102; x_wconf 82' lang='lat' dir='ltr'><strong>otherwise,</strong></span> <span class='ocrx_word' id='word_1_360' title='bbox 490 4053 521 4091; x_wconf 85' lang='lat' dir='ltr'><strong>ss</strong></span> <span class='ocrx_word' id='word_1_361' title='bbox 535 4044 566 4092; x_wconf 85' lang='lat' dir='ltr'><strong>st</strong></span> <span class='ocrx_word' id='word_1_362' title='bbox 580 4037 701 4105; x_wconf 86' lang='lat' dir='ltr'><strong>Thebes,</strong></span> <span class='ocrx_word' id='word_1_363' title='bbox 713 4039 762 4095; x_wconf 92' lang='lat' dir='ltr'><strong>the</strong></span> <span class='ocrx_word' id='word_1_364' title='bbox 773 4039 909 4112; x_wconf 79' lang='lat' dir='ltr'><strong>kingdom</strong></span> <span class='ocrx_word' id='word_1_365' title='bbox 920 4059 975 4097; x_wconf 84' lang='lat' dir='ltr'><strong>wus</strong></span> <span class='ocrx_word' id='word_1_366' title='bbox 989 4043 1102 4100; x_wconf 79' lang='lat' dir='ltr'><strong>dirided</strong></span> <span class='ocrx_word' id='word_1_367' title='bbox 1113 4045 1241 4102; x_wconf 86' lang='lat' dir='ltr'><strong>between</strong></span> 
     </span>
     <span class='ocr_line' id='line_1_41' title="bbox 137 4121 1241 4198; baseline 0.01 -22"><span class='ocrx_word' id='word_1_368' title='bbox 137 4121 187 4176; x_wconf 87' lang='lat' dir='ltr'><strong>the</strong></span> <span class='ocrx_word' id='word_1_369' title='bbox 208 4123 312 4189; x_wconf 62' lang='lat' dir='ltr'><strong>melem</strong></span> <span class='ocrx_word' id='word_1_370' title='bbox 333 4122 391 4177; x_wconf 83' lang='lat' dir='ltr'><strong>and</strong></span> <span class='ocrx_word' id='word_1_371' title='bbox 413 4124 525 4179; x_wconf 90' lang='lat' dir='ltr'><strong>ancient</strong></span> <span class='ocrx_word' id='word_1_372' title='bbox 548 4124 644 4179; x_wconf 82' lang='lat' dir='ltr'><strong>Attico</strong></span> <span class='ocrx_word' id='word_1_373' title='bbox 667 4142 771 4198; x_wconf 88' lang='lat' dir='ltr'><strong>emong</strong></span> <span class='ocrx_word' id='word_1_374' title='bbox 791 4126 842 4183; x_wconf 89' lang='lat' dir='ltr'><strong>the</strong></span> <span class='ocrx_word' id='word_1_375' title='bbox 867 4143 933 4184; x_wconf 86' lang='lat' dir='ltr'><strong>sons</strong></span> <span class='ocrx_word' id='word_1_376' title='bbox 959 4127 992 4185; x_wconf 81' lang='lat' dir='ltr'><strong>of</strong></span> <span class='ocrx_word' id='word_1_377' title='bbox 1011 4128 1159 4195; x_wconf 81' lang='lat' dir='ltr'><strong>Pandion3</strong></span> <span class='ocrx_word' id='word_1_378' title='bbox 1184 4132 1241 4187; x_wconf 87' lang='lat' dir='ltr'><strong>and</strong></span> 
     </span>
     <span class='ocr_line' id='line_1_42' title="bbox 136 4204 576 4281; baseline 0.009 -20"><span class='ocrx_word' id='word_1_379' title='bbox 136 4205 266 4274; x_wconf 83' lang='lat' dir='ltr'><strong>Rhodes3</strong></span> <span class='ocrx_word' id='word_1_380' title='bbox 287 4210 343 4264; x_wconf 93' lang='lat' dir='ltr'><strong>and</strong></span> <span class='ocrx_word' id='word_1_381' title='bbox 357 4209 455 4281; x_wconf 83' lang='lat' dir='ltr'><strong>Argos.</strong></span> <span class='ocrx_word' id='word_1_382' title='bbox 487 4204 576 4280; x_wconf 79' lang='lat' dir='ltr'><strong>[See]</strong></span> 
     </span>
    </p>

    <p class='ocr_par' dir='ltr' id='par_1_11' title="bbox 137 4293 1241 4457">
     <span class='ocr_line' id='line_1_43' title="bbox 193 4293 1241 4370; baseline 0.011 -23"><span class='ocrx_word' id='word_1_383' title='bbox 193 4293 257 4347; x_wconf 88' lang='lat' dir='ltr'><strong>XV.</strong></span> <span class='ocrx_word' id='word_1_384' title='bbox 290 4295 418 4352; x_wconf 81' lang='lat' dir='ltr'><strong>Another</strong></span> <span class='ocrx_word' id='word_1_385' title='bbox 428 4297 490 4352; x_wconf 89' lang='lat' dir='ltr'><strong>rulo</strong></span> <span class='ocrx_word' id='word_1_386' title='bbox 501 4296 534 4362; x_wconf 90' lang='lat' dir='ltr'><strong>is,</strong></span> <span class='ocrx_word' id='word_1_387' title='bbox 545 4296 607 4352; x_wconf 90' lang='lat' dir='ltr'><strong>that</strong></span> <span class='ocrx_word' id='word_1_388' title='bbox 619 4294 668 4352; x_wconf 90' lang='lat' dir='ltr'><strong>tho</strong></span> <span class='ocrx_word' id='word_1_389' title='bbox 677 4300 835 4355; x_wconf 85' lang='lat' dir='ltr'><strong>succession</strong></span> <span class='ocrx_word' id='word_1_390' title='bbox 845 4300 966 4354; x_wconf 86' lang='lat' dir='ltr'><strong>remeius</strong></span> <span class='ocrx_word' id='word_1_391' title='bbox 975 4315 1078 4370; x_wconf 90' lang='lat' dir='ltr'><strong>among</strong></span> <span class='ocrx_word' id='word_1_392' title='bbox 1085 4299 1167 4356; x_wconf 88' lang='lat' dir='ltr'><strong>those</strong></span> <span class='ocrx_word' id='word_1_393' title='bbox 1179 4300 1241 4359; x_wconf 93' lang='lat' dir='ltr'><strong>who</strong></span> 
     </span>
     <span class='ocr_line' id='line_1_44' title="bbox 137 4378 1241 4457; baseline 0.011 -25"><span class='ocrx_word' id='word_1_394' title='bbox 137 4393 187 4433; x_wconf 86' lang='lat' dir='ltr'><strong>srs</strong></span> <span class='ocrx_word' id='word_1_395' title='bbox 201 4378 358 4436; x_wconf 86' lang='lat' dir='ltr'><strong>descended</strong></span> <span class='ocrx_word' id='word_1_396' title='bbox 371 4381 446 4439; x_wconf 81' lang='lat' dir='ltr'><strong>from</strong></span> <span class='ocrx_word' id='word_1_397' title='bbox 460 4382 510 4439; x_wconf 87' lang='lat' dir='ltr'><strong>tho</strong></span> <span class='ocrx_word' id='word_1_398' title='bbox 526 4382 588 4440; x_wconf 81' lang='lat' dir='ltr'><strong>first</strong></span> <span class='ocrx_word' id='word_1_399' title='bbox 602 4383 685 4456; x_wconf 70' lang='lat' dir='ltr'><strong>luinge</strong></span> <span class='ocrx_word' id='word_1_400' title='bbox 704 4383 750 4441; x_wconf 82' lang='lat' dir='ltr'><strong>for</strong></span> <span class='ocrx_word' id='word_1_401' title='bbox 764 4384 829 4441; x_wconf 86' lang='lat' dir='ltr'><strong>that</strong></span> <span class='ocrx_word' id='word_1_402' title='bbox 845 4384 980 4457; x_wconf 81' lang='lat' dir='ltr'><strong>fumilyis</strong></span> <span class='ocrx_word' id='word_1_403' title='bbox 993 4386 1144 4443; x_wconf 81' lang='lat' dir='ltr'><strong>conceired</strong></span> <span class='ocrx_word' id='word_1_404' title='bbox 1159 4393 1190 4444; x_wconf 91' lang='grc' dir='ltr'>ιο</span> <span class='ocrx_word' id='word_1_405' title='bbox 1204 4387 1241 4444; x_wconf 93' lang='lat' dir='ltr'><strong>be</strong></span> 
     </span>
    </p>
   </div>
   <div class='ocr_carea' id='block_1_8' title="bbox 0 0 1448 4906">
    <p class='ocr_par' dir='ltr' id='par_1_12' title="bbox 0 0 1448 4906">
     <span class='ocr_line' id='line_1_45' title="bbox 0 0 1448 4906; baseline 0 0"><span class='ocrx_word' id='word_1_406' title='bbox 0 0 1448 4906; x_wconf 95' lang='lat' dir='ltr'><strong> </strong></span> 
     </span>
    </p>
   </div>
  </div>
 </body>
</html>
