2866 4906
237 186 301 260 312
485 195 538 249 DE
562 193 835 259 ACQUISITIONE
859 192 1089 250 ORIGINARIA
1205 193 1279 265 [bra.
1293 197 1334 251 11.

237 366 293 424 aut
310 356 390 422 male
407 356 629 422 conformatam
646 357 802 422 sobolem:
829 379 899 442 quae
923 355 989 422 sola
1011 355 1091 421 ratio
1113 354 1140 421 si
1156 355 1211 421 tali
1228 357 1336 444 conju·

238 457 291 546 gio
308 458 457 532 obstaret,
478 464 564 521 certe
579 477 635 520 nec
650 455 773 522 irritum
789 467 879 532 esset,
903 478 960 521 nec
976 455 1124 532 illicitum,
1148 477 1211 520 non
1233 457 1336 545 magis

238 579 331 642 quam
347 555 429 622 inter
445 555 521 620 alias
537 576 698 642 personas,
716 576 848 642 quarum
865 563 942 620 aetas
962 563 1011 622 tot
1027 554 1116 621 annis
1133 554 1240 633 distat,
1257 567 1336 643 quot

238 656 327 722 annis
342 665 490 742 parentes
506 655 620 720 liberos
636 655 736 720 solent
752 656 941 741 precedere.

311 758 332 820 5
368 755 449 820 Illud
464 754 567 842 potius
583 753 825 841 disquirendum,
848 776 889 820 an
912 776 974 820 non
996 753 1030 822 in
1050 754 1225 821 hominibus
1247 755 1335 823 nulla

238 877 337 943 prava
356 855 538 920 educatione
561 854 724 941 corruptis,
747 862 865 941 prater
886 853 919 919 id
934 854 1018 941 quod
1039 853 1198 922 intellectu
1214 855 1334 943 concipi

238 976 328 1043 posse
347 955 415 1041 jam
441 953 584 1030 diximus,
608 953 696 1019 sitin
712 953 787 1040 ipsis
802 954 964 1020 affectibus
980 953 1074 1019 insita
1094 954 1172 1043 fuga
1187 956 1335 1040 quaedam

237 1053 459 1121 commixtionis
473 1076 543 1119 oum
560 1053 740 1140 parentibus
754 1063 788 1119 et
804 1076 843 1119 ex
860 1075 895 1119 ee
910 1053 1003 1131 natis,
1020 1053 1135 1140 quippe
1150 1076 1220 1119 cum
1236 1055 1279 1121 ab
1295 1077 1336 1121 ea

236 1153 330 1222 etiam
352 1153 492 1241 quadam
516 1153 687 1218 animantia
711 1162 797 1219 muta
823 1153 1007 1219 naturaliter
1029 1153 1230 1219 abhorreant.
1281 1156 1335 1222 Ita

236 1254 317 1319 enim
340 1263 373 1320 et
395 1252 447 1318 alii
469 1250 694 1331 existimarunt,
718 1262 750 1318 et
767 1253 922 1318 Arnobius
940 1255 1096 1319 advaeae
1116 1255 1235 1321 Geatce
1250 1253 1334 1320 libro

73 1383 201 1436 neuun]
236 1354 363 1440 quinto:
387 1355 544 1419 Etiamne
560 1355 597 1418 io
613 1365 751 1418 matrem
771 1355 968 1439 cupiditatis
990 1354 1139 1437 infanda
1159 1377 1249 1439 epcm
1271 1357 1335 1419 Ju-

231 1457 321 1540 piter
347 1455 440 1539 oepit,
470 1475 527 1518 aco
552 1455 595 1517 ab
617 1454 710 1518 illiue
733 1455 945 1539 appetitionis
970 1454 1089 1518 ardore
1111 1454 1229 1519 horror
1258 1477 1336 1519 eum

236 1556 341 1640 quivit
358 1564 522 1627 aocrtcrc;
548 1575 641 1637 quem
656 1575 721 1617 non
737 1554 921 1617 bominibus
936 1553 1025 1627 solie,
1049 1555 1107 1618 sed
1127 1555 1336 1620 animatione

235 1675 358 1739 quoque
380 1652 544 1716 nonnullis
569 1663 698 1716 catara
716 1653 794 1736 ipsa
815 1652 962 1736 subiecit,
986 1663 1016 1717 ct
1041 1653 1247 1737 impenetratae
1275 1655 1335 1720 ilie

234 1753 444 1818 communiter
460 1772 569 1817 eaesae
579 1751 597 1815 ‚⁹
645 1751 760 1815 Exstat
776 1750 816 1816 de
831 1751 947 1816 camelo
963 1759 997 1816 ot
1011 1750 1069 1817 ⁰de
1085 1772 1165 1837 equo
1181 1752 1334 1839 Scythico

234 1849 347 1915 nobilis
369 1849 402 1914 in
427 1849 507 1914 hanc
531 1871 599 1914 rem
621 1850 760 1915 narratio
785 1851 870 1937 apud
900 1849 1104 1918 Aristotelem
1129 1850 1335 1918 animantium

234 1948 365 2014 historia
380 1971 472 2024 nona,
494 1948 596 2034 capite
614 1970 714 2015 xnvn.
740 1957 773 2015 et
793 1971 856 2015 non
873 1948 1027 2016 dissimilis
1047 1950 1132 2036 apud
1151 1950 1334 2039 Oppianum

232 2048 313 2115 libro
329 2048 430 2137 primo
447 2051 486 2115 dc
508 2051 638 2114 Versata.
684 2049 802 2114 Seneca
815 2048 989 2137 Hippolyto
1015 2049 1107 2132 (vers.
1123 2051 1198 2128 914,
1217 2052 1318 2135 915):

448 2171 528 2225 Ferte
543 2187 654 2241 quoque
668 2171 735 2241 ipses
749 2169 867 2224 Veneris
881 2169 988 2225 evitem
1001 2169 1090 2235 nefas,

449 2256 622 2328 Generisque
637 2257 712 2328 leges
726 2256 828 2311 inscius
843 2262 936 2311 servat
950 2255 1050 2326 pudor.

310 2355 407 2422 XIII.
456 2358 475 2418 l
512 2354 659 2441 Sequitur
676 2353 805 2441 quaestio
823 2353 864 2420 de
885 2354 1036 2444 gradibus
1055 2352 1214 2420 affinitatis
1231 2356 1333 2421 omni-

233 2455 291 2520 bus
308 2466 340 2521 et
357 2456 397 2520 de
418 2453 568 2543 gradibus
585 2453 743 2542 sanguinis
764 2476 804 2519 ex
819 2462 998 2519 transverso
1018 2453 1126 2530 limite,
1148 2453 1186 2518 iis
1201 2475 1335 2541 praser-

275 2639 286 2664 ε
300 2628 340 2675 De
353 2627 424 2689 equo]
440 2629 532 2674 Plinius
548 2628 663 2674 lsretorioe
677 2626 758 2674 Natu-
805 2630 884 2689 rr'qam
896 2628 1033 2676 invenimus.
1062 2627 1173 2688 Namque
1187 2633 1210 2674 et
1222 2630 1331 2689 manati·

230 2706 359 2751 redirem.
372 2707 410 2750 42.
424 2704 465 2750 nbi
481 2705 510 2750 de
524 2704 591 2762 equis
606 2704 665 2763 agit,
677 2702 757 2749 Alium
805 2717 874 2748 orrum
884 2702 1013 2749 intellectae
1023 2703 1049 2747 in
1060 2703 1093 2748 iis
1103 2708 1144 2750 est.
1173 2703 1335 2763 IIebesparIa

230 2780 336 2826 detracto
345 2780 465 2826 oculorum
477 2779 624 2838 operimento,
635 2783 657 2823 et
665 2779 757 2838 coquito
805 2780 870 2839 apud
878 2779 1011 2825 Varronem
1022 2778 1050 2824 dc
1062 2779 1099 2825 Re
1114 2779 1216 2826 Rreetica
1225 2793 1254 2825 11.
1265 2783 1288 2827 7.
1305 2785 1333 2827 et

231 2869 283 2901 eum
295 2860 370 2900 matre
384 2855 456 2907 coita,
469 2853 567 2912 petiisse
576 2858 701 2912 prerupta
717 2859 758 2898 at·
805 2854 870 2913 apud
902 2853 1053 2914 Antigonum
1078 2854 1107 2899 de
1132 2854 1333 2913 Admirabiltbee,

230 2944 275 2989 que
294 2930 459 2975 exanimatum.
498 2929 573 2987 Eque
592 2928 709 2973 eteoclem
728 2942 757 2972 ee
806 2929 872 2987 (oep.
889 2928 942 2984 69).
959 2928 1162 2989 Aristotelemque
1177 2928 1281 2988 ciusdem
1296 2930 1330 2975 ti-

231 3004 456 3050 caaeainReatino
474 3016 534 3061 aare
555 3002 684 3048 locantem
697 3016 757 3060 pro·
805 3004 849 3049 tuli
872 3003 943 3052 libro.
967 3003 1041 3065 [Peg.
1062 3008 1121 3053 1150
1137 3018 1165 3063 u,
1179 3017 1202 3051 o.
1218 3005 1289 3050 Tom.
1308 3018 1329 3053 1.

564 3132 727 3138 -—---—-.-
735 3132 1034 3142 ·—-—-—·——-——-——-

227 3253 343 3310 persons
362 3234 455 3291 whose
466 3252 531 3307 ages
546 3252 594 3290 ero
609 3252 639 3291 us
654 3235 784 3291 different
798 3253 829 3290 as
844 3235 924 3292 those
939 3237 972 3292 of
983 3243 1096 3309 parents
1109 3237 1165 3292 aud
1176 3237 1249 3292 their
1260 3236 1331 3291 chil-

227 3325 298 3379 dron
313 3323 423 3394 usually
434 3339 491 3377 are.

279 3419 295 3465 ὅ
318 3410 370 3465 We
382 3425 430 3463 are
442 3408 538 3463 rather
552 3416 582 3463 to
597 3409 725 3463 consider
736 3408 868 3474 whether,
880 3410 910 3462 in
922 3426 987 3464 men
1000 3415 1050 3464 not
1060 3408 1198 3480 deprared
1212 3408 1250 3480 by
1258 3408 1329 3463 edu·

226 3497 328 3559 oetion,
344 3495 423 3550 thore
435 3496 458 3549 Is
473 3502 530 3559 not,
545 3495 655 3550 besides
670 3494 720 3549 tho
735 3512 834 3549 reason
848 3497 929 3566 giren
944 3496 982 3567 by
1000 3496 1050 3551 the
1068 3495 1297 3565 understandIng,
1312 3513 1331 3548 a

225 3581 332 3635 certain
343 3580 443 3635 horror
454 3581 487 3635 of
498 3580 567 3634 such
578 3582 665 3635 union
675 3580 742 3635 with
754 3589 866 3652 parents
881 3582 937 3635 and
949 3582 1093 3653 offsprIng‚
1103 3580 1224 3650 residing
1236 3581 1266 3633 in
1278 3579 1330 3634 the

225 3666 369 3720 affectione
390 3665 572 3730 themselves3
593 3668 670 3721 since
688 3683 759 3721 cren
778 3683 855 3722 some
875 3667 992 3721 animale
1007 3667 1079 3722 bavo
1097 3665 1165 3721 such
1181 3683 1198 3720 a
1216 3665 1328 3720 horror.

227 3752 265 3805 So
284 3767 368 3821 many
388 3749 460 3804 have
479 3751 616 3822 thoughts
640 3753 795 3816 Arnobius3
818 3753 952 3807 Aristotle
972 3753 1005 3807 os
1023 3753 1073 3807 the
1091 3753 1189 3816 cantol,
1206 3751 1263 3806 and
1278 3751 1330 3807 the

226 3836 361 3908 Scythian
375 3836 474 3899 horse;
497 3837 624 3907 Oppian3
647 3840 754 3893 Seneca
768 3839 798 3891 in
813 3838 861 3893 the
877 3839 1055 3910 HIppolytus.

274 3922 356 3975 XIII.
396 3927 410 3974 1
441 3922 494 3976 We
517 3930 592 3977 must
614 3933 681 3978 next
703 3925 832 3979 consider
856 3924 906 3979 tho
931 3926 1060 3995 questIon
1085 3925 1255 3994 concerning
1277 3922 1330 3978 the

224 4008 340 4079 degrees
355 4008 387 4061 of
399 4008 513 4078 offinity,
528 4010 585 4061 and
600 4009 649 4063 the
668 4010 783 4081 degrees
803 4010 836 4064 of
855 4012 1068 4083 consanguInity
1085 4011 1115 4064 iu
1133 4027 1151 4063 a
1170 4016 1329 4063 transverse

223 4094 295 4159 line;
313 4093 463 4165 especially
475 4093 554 4147 those
565 4094 654 4148 which
667 4112 715 4149 are
730 4096 870 4167 exprosely
881 4097 1053 4161 mentIoned,
1065 4097 1154 4150 Levit.
1166 4096 1240 4150 xviii.
1269 4095 1329 4149 For

223 4180 331 4252 though
343 4197 383 4235 we
398 4179 500 4234 should
511 4185 593 4249 grant
605 4180 667 4234 that
682 4181 761 4235 these
773 4183 918 4236 interdicte
934 4182 970 4236 do
985 4190 1036 4237 not
1051 4181 1171 4253 proceed
1186 4181 1261 4235 from
1277 4180 1329 4236 the

223 4285 300 4323 mere
312 4268 378 4322 Low
390 4266 424 4322 of
433 4267 551 4328 Nature,
565 4271 614 4337 yet
627 4266 657 4319 in
671 4267 762 4321 vlrtue
774 4267 807 4322 of
818 4267 868 4321 the
882 4269 984 4322 DiwIne
996 4275 1121 4341 precept,
1133 4267 1213 4322 these
1225 4267 1329 4322 unione

222 4371 287 4426 may
299 4371 363 4426 pass
374 4370 477 4425 among
490 4351 640 4408 forbidden
654 4351 757 4423 things.
787 4352 852 4408 And
866 4353 928 4408 thet
942 4354 992 4409 the
1007 4355 1157 4427 preceptis
1169 4370 1223 4409 ono
1235 4351 1329 4407 which
