2866 4906
82 1797 115 1881 Iul

93 1842 115 1926 4¹

81 1936 100 1973 A

246 222 310 287 396
455 230 507 284 DE
529 228 881 295 AOQUISITIONIBUS,
904 228 996 293 QUAE
1017 225 1151 283 VULGO
1225 222 1354 293 [101³.ss

244 394 301 461 sed
334 393 376 458 ad
407 392 554 478 cujusque
587 391 693 478 populi
726 390 1006 477 tranquillitatem:
1042 390 1125 455 unde
1154 397 1189 455 et
1221 389 1264 454 ab
1293 410 1355 454 uno

244 492 359 579 populo
382 491 450 557 aliia
474 489 652 556 inconsultis
677 489 792 555 mutari
816 490 927 576 potuit,
944 488 1006 554 imo
1026 496 1059 554 et
1084 490 1144 554 hoc
1165 486 1297 555 evenire
1319 496 1355 553 ut

244 590 313 656 aliis
339 590 412 655 locis
441 599 536 676 atque
563 587 755 675 temporibus
779 588 874 676 longe
897 587 978 654 alius
1007 608 1074 653 mos
1101 585 1284 663 communis,
1316 608 1355 651 ac

244 689 375 777 proinde
395 688 447 774 jus
474 688 615 775 gentium
641 686 811 774 improprie
837 687 952 753 dictum
971 685 1245 752 introduceretur:
1268 685 1354 771 qnod

244 796 278 853 et
294 809 406 854 revera
422 787 538 852 lactum
556 785 705 861 videmus,
723 806 763 850 ex
786 807 848 871 quo
872 785 1068 851 Germanice
1090 783 1234 850 nationes
1251 785 1354 849 Euro-

243 908 317 973 pam
332 887 431 951 ferme
453 907 575 949 omnem
596 885 786 950 invaserunt.
838 883 926 950 Sicut
950 883 1032 948 enim
1049 883 1121 949 olim
1133 882 1211 969 jura
1228 882 1352 959 Graeea,

244 986 290 1050 ita
319 994 393 1051 tuuc
420 983 606 1050 Germanica
633 982 775 1049 instituta
803 983 917 1069 passim
946 989 1181 1068 receptarunt,
1207 989 1242 1047 et
1269 1003 1354 1046 nuno

245 1085 339 1149 etiam
356 1082 471 1172 rigent
522 1081 646 1147 Primus
666 1080 846 1167 acquirendi
867 1081 977 1146 modus
997 1079 1051 1167 qui
1071 1080 1153 1167 juris
1172 1079 1353 1168 gentiuma

244 1181 392 1248 Romanis
417 1180 539 1257 dicitur,
566 1190 614 1246 est
638 1179 798 1265 occupatio
823 1201 929 1246 eorum
955 1201 1026 1266 quaa
1048 1179 1160 1245 nullius
1176 1187 1273 1247 sunt:
1300 1178 1353 1265 qui

244 1282 354 1348 modus
370 1281 455 1347 haud
472 1279 565 1347 dubie
581 1288 629 1345 est
648 1277 809 1354 naturalis,
830 1301 868 1344 eo
887 1300 948 1365 quo
970 1278 1036 1344 dixi
1052 1299 1154 1354 sensu,
1171 1277 1352 1345 introducto

241 1381 308 1468 jam
334 1379 478 1457 dominio,
505 1387 538 1444 et
560 1378 708 1464 quamdiu
739 1377 825 1442 aliud
856 1378 908 1444 lex
935 1377 1022 1443 nulla
1045 1376 1217 1445 constituit.
1268 1377 1352 1443 Nem

244 1488 278 1546 et
294 1479 463 1547 dominium
479 1501 499 1544 a
515 1477 586 1566 lego
603 1476 686 1542 civili
702 1477 779 1543 effici
794 1484 907 1563 potest.

321 1580 366 1644 11.
416 1579 469 1644 Ad
495 1578 554 1642 hoc
582 1586 677 1663 caput
701 1577 838 1643 refertur
865 1576 998 1663 primum
1032 1586 1166 1665 captura
1198 1574 1350 1653 ferarum,

243 1676 359 1755 avium,
387 1676 524 1763 piscium
572 1676 636 1741 Sed
669 1676 738 1740 haec
763 1675 867 1740 omnia
893 1675 1041 1762 quamdiu
1071 1677 1186 1743 nullius
1219 1675 1352 1741 dicende

118 1796 195 1837 roera
205 1797 224 1834 a
245 1776 316 1853 sint,
343 1775 512 1861 questione
536 1795 600 1838 non
623 1784 717 1840 caret.
769 1775 877 1840 Narra
896 1774 1027 1840 lilius'
997 1796 1096 1861 preces
1111 1775 1165 1863 qui
1181 1775 1216 1840 iu
1232 1773 1352 1888 piscina

100 1943 131 1983 ἦ
115 1842 226 1973 “quem
245 1882 318 1942 sunt
334 1873 486 1988 possideri
502 1896 522 1939 a
538 1871 627 1938 nobis
643 1871 698 1950 eit,
716 1895 779 1938 non
795 1873 849 1959 qui
872 1873 905 1937 in
920 1882 1052 1961 stagno:
1078 1884 1111 1941 et
1126 1875 1213 1941 feras
1228 1894 1302 1961 quae
1318 1872 1352 1937 in

245 1973 363 2039 vivario
380 1980 453 2039 suut
468 1971 602 2048 inclusae,
620 1993 682 2037 uon
699 1994 769 2058 quae
783 1971 816 2037 in
832 1971 918 2038 silvia
934 1971 1163 2061 'circumseptis
1180 1981 1350 2062 vagantur.

245 2072 343 2158 Atqui
375 2071 474 2159 pisces
507 2091 570 2136 non
602 2070 703 2136 minus
735 2080 848 2159 stagno
874 2071 997 2157 privato
1026 2071 1229 2138 includuntur
1256 2092 1352 2158 quam

245 2171 372 2258 piscina,
392 2179 424 2237 et
446 2170 530 2236 feras
551 2190 614 2235 non
636 2169 737 2235 minus
759 2178 903 2235 coercent
923 2169 1012 2235 silrae
1035 2170 1115 2239 bene
1135 2170 1353 2257 circumsepta

290 2328 301 2357 ¹
316 2329 352 2375 Δι
368 2342 425 2375 vero
438 2328 462 2373 in
478 2329 531 2376 Lib.
549 2342 589 2376 ιιι.
607 2329 619 2390 §
636 2331 666 2375 14
683 2329 714 2375 l).
732 2331 771 2376 De
819 2328 894 2375 Persa
903 2327 957 2374 vide
972 2341 1027 2388 que
1036 2328 1139 2374 diximus
1148 2328 1179 2375 ed
1189 2328 1353 2375 Perennem·

244 2404 342 2464 adquir.
359 2405 396 2449 uei
415 2403 492 2450 αιιιιιι.
508 2418 610 2462 possm.
630 2403 769 2463 legendum,
820 2415 887 2448 rrum
903 2406 1020 2459 nostrum,
1036 2404 1076 2449 De
1091 2401 1153 2449 June
1165 2401 1230 2449 Nae.
1243 2407 1267 2449 et
1282 2402 1353 2449 Genu

244 2478 405 2539 quoeirreilois
415 2479 768 2537 rescireunuepu'soaqanrur:
820 2478 874 2524 Lib.
885 2490 920 2523 rw.
938 2491 991 2536 cep.
1002 2479 1035 2524 vi.
1052 2478 1101 2537 56.
1118 2483 1215 2539 etreqq.
1231 2478 1259 2524 lu
1275 2478 1353 2525 nitere

244 2558 280 2609 ιιι,
297 2557 352 2613 post
370 2553 454 2598 Frunc.
471 2552 660 2609 Hotomannum,
676 2553 770 2613 probet.
820 2552 952 2612 praesertim
965 2550 1088 2598 Editioue.
1116 2552 1187 2598 J.B.

246 2627 341 2673 Clarias.
357 2627 457 2682 Noenu,
478 2626 538 2672 Oba.
555 2640 573 2672 1.
592 2640 621 2672 11.
657 2627 771 2673 Ceterum
865 2626 877 2659 b
895 2626 966 2685 Quod
979 2626 1008 2671 ob
1023 2625 1190 2688 dfflicillimun
1201 2627 1352 2686 persecutio·

245 2701 275 2747 de
285 2700 444 2760 adquisitione
461 2704 486 2746 et
495 2700 621 2745 emissione
632 2700 731 2746 dominii
746 2701 770 2745 in
819 2715 870 2746 reem
880 2714 974 2759 empro
984 2699 1102 2747 derelictis
1111 2701 1199 2747 debere
1211 2700 1351 2760 credatu]

245 2915 420 2986 tranquillity
443 2916 474 2970 ol
496 2916 565 2970 each
590 2916 707 2988 people:
731 2916 845 2973 whence
867 2918 892 2971 it
913 2918 1003 2989 might
1025 2918 1062 2972 be
1082 2917 1211 2988 changed
1230 2917 1272 2990 by
1295 2934 1352 2975 one

245 3000 346 3070 pcoplo
361 3000 479 3054 without
494 3001 653 3070 consulting
674 3000 784 3064 others3
806 3003 863 3056 and
880 3003 939 3058 else
958 3005 981 3058 it
999 3003 1089 3074 might
1103 3003 1217 3074 huppen
1232 3003 1298 3059 that
1319 3006 1351 3058 in

244 3085 356 3137 various
370 3084 465 3153 places
479 3084 535 3137 and
549 3086 640 3148 times,
654 3102 721 3156 very
736 3087 866 3141 different
880 3105 988 3159 usnges,
1003 3089 1058 3142 and
1073 3087 1148 3152 thus,
1159 3089 1295 3144 different
1301 3090 1351 3161 jur

244 3169 545 3241 ριιιιίιιιιιίιιηιιοῙιοιΙ)ι
560 3185 590 3223 ιο
614 3172 731 3235 tormod,
748 3172 839 3242 might
856 3173 892 3227 be
910 3174 1090 3228 introduced:
1109 3174 1210 3237 which,
1225 3190 1270 3228 we
1292 3192 1350 3240 see,

245 3254 403 3326 happened,
417 3257 448 3310 in
461 3258 528 3319 fact,
546 3254 620 3310 from
635 3257 685 3311 tho
702 3259 771 3312 time
785 3258 848 3313 thnt
862 3258 912 3313 the
927 3260 1078 3313 Germanic
1099 3260 1210 3314 natione
1224 3260 1350 3315 invedod

245 3342 347 3396 almost
357 3341 406 3395 tho
420 3343 511 3397 whole
523 3341 556 3398 of
570 3343 692 3414 Europe.
730 3344 788 3397 For
801 3360 832 3397 as
846 3343 896 3398 the
908 3344 973 3399 laws
987 3345 1021 3399 of
1030 3346 1139 3400 Graece
1152 3344 1299 3416 formerly,
1316 3363 1350 3402 so

244 3444 308 3482 now
323 3427 473 3483 Germanic
491 3429 669 3483 Institutione
683 3444 732 3483 aro
750 3429 927 3500 everywhere
948 3430 1085 3495 received,
1102 3430 1159 3485 and
1173 3447 1222 3487 are
1240 3431 1300 3486 still
1317 3433 1351 3487 in

245 3512 396 3584 authority.

303 3598 364 3652 Tho
379 3599 440 3654 first
454 3599 537 3654 mode
553 3599 587 3653 of
596 3600 741 3671 acquiring
752 3599 908 3671 ownership
923 3600 1013 3656 which
1028 3603 1051 3658 is
1066 3602 1157 3657 called
1170 3602 1274 3673 bytho
1288 3604 1351 3658 Ro-

244 3701 325 3738 mans
342 3686 417 3754 juris
436 3686 563 3755 portiom,
583 3685 607 3738 is
622 3685 672 3739 the
689 3686 854 3756 occupation
871 3686 904 3740 of
915 3686 1009 3758 things
1026 3687 1116 3741 which
1138 3687 1242 3758 belong
1261 3694 1292 3743 to
1310 3706 1350 3744 no

246 3787 299 3825 one
312 3770 366 3838 (ree
378 3768 508 3835 nullum:
523 3770 614 3824 which
626 3770 710 3824 mode
725 3772 757 3835 is,
768 3771 920 3836 doubtless,
931 3774 1042 3827 natural
1057 3775 1087 3827 in
1098 3772 1148 3828 the
1161 3790 1244 3828 sense
1256 3774 1350 3830 which

245 3856 260 3908 1
273 3855 345 3907 have
356 3855 518 3909 mentioned
525 3874 533 3918 ;
548 3855 704 3927 ownership
715 3856 800 3927 being
811 3856 951 3927 supposed
964 3865 995 3912 to
1010 3859 1046 3913 be
1058 3859 1232 3923 introduced,
1247 3861 1306 3915 and
1318 3877 1351 3915 aa

244 3940 311 4010 long
326 3956 356 3993 as
371 3938 420 3993 the
434 3940 487 3992 law
501 3938 551 3994 has
565 3941 647 3995 made
662 3957 699 3995 no
712 3942 794 3996 other
805 3942 1008 4012 appointmcnt
1043 3946 1100 3999 For
1111 3944 1270 4018 ownorship
1282 3964 1351 4020 may

244 4025 304 4081 also
318 4025 383 4078 take
398 4024 478 4096 placo
489 4024 527 4095 by
541 4025 589 4080 the
602 4027 673 4080 civil
688 4028 762 4082 Lew.

302 4112 340 4166 II.
369 4113 411 4165 Το
423 4110 479 4165 this
490 4110 563 4164 head
578 4112 601 4165 is
613 4112 747 4176 referred,
758 4113 827 4177 first,
838 4113 887 4168 tho
902 4114 1059 4186 captureof
1067 4115 1133 4169 wild
1143 4115 1247 4178 beaute,
1260 4115 1352 4181 birds,

244 4196 336 4251 hahes.
382 4198 438 4250 But
452 4196 515 4250 how
530 4196 596 4265 long
610 4196 689 4252 these
707 4215 756 4253 ure
770 4217 812 4254 ree
829 4200 939 4263 uellite,
953 4200 1057 4272 belong
1074 4208 1104 4255 to
1119 4218 1156 4255 no
1174 4217 1238 4267 ona,
1253 4202 1279 4256 is
1297 4208 1353 4258 not

243 4282 363 4337 without
376 4284 513 4353 question.
551 4282 647 4336 Nerva
667 4300 739 4355 says,
760 4285 916 4341 thatfishes
930 4287 961 4340 in
981 4304 999 4340 u
1012 4287 1150 4358 pondere
1164 4304 1239 4350 oure,
1263 4288 1353 4346 ushes

245 4370 275 4422 in
289 4386 307 4423 a
318 4369 382 4424 lake
393 4386 441 4425 ere
452 4374 519 4436 not;
533 4368 627 4424 ιιοιιιιι
638 4368 729 4424 which
743 4387 792 4428 are
803 4372 833 4425 in
844 4389 862 4426 a
873 4373 944 4445 perk
954 4388 1004 4428 aro
1016 4388 1089 4438 curs,
1098 4379 1149 4428 not
1160 4372 1244 4429 those
1255 4372 1353 4432 which
