2866 4906
213 183 254 244 10
504 189 600 254 QUID
624 187 792 253 BELLUM,
817 188 913 253 QUID
936 187 1014 245 JUS.
1195 185 1269 256 [Lm.
1285 189 1307 245 Ι.

288 357 329 422 Χ.
374 357 393 421 1
427 355 506 422 ⁰Jus
527 355 671 421 naturale
695 361 743 421 ost
770 353 920 420 dictatum
949 359 1044 419 rocta
1069 351 1207 432 rationis,
1231 355 1311 421 indi·

213 478 287 522 cans
302 455 383 522 actui
401 455 501 532 elicui,
526 475 566 520 ox
583 454 648 542 ejus
665 453 879 520 convenientia
893 460 948 518 aut
965 453 1225 520 disconvenientia
1241 477 1311 521 cum

213 558 280 644 ipsa
295 564 409 621 natura
425 554 569 620 rationali
586 577 622 620 ac
642 553 773 630 3οοοίοΙί,
796 553 896 619 inesse
910 552 1059 619 moralem
1075 553 1309 640 turpitudinem,

213 664 269 722 eut
284 655 498 721 necessitatem
513 654 671 730 moralem,
690 676 728 720 ec
744 661 968 740 consequenter
989 652 1031 718 ab
1047 661 1173 719 auctore
1188 663 1311 720 nature

215 757 283 822 Deo
299 753 394 821 talem
412 762 514 821 ectum
529 764 585 820 aut
602 753 712 829 vetari,
728 762 784 819 ent
796 752 931 840 precipi.

290 857 311 920 2
344 855 442 920 Actus
464 854 633 941 dequibus
657 853 721 920 talo
743 861 846 918 exstat
862 853 1022 929 dictatum,
1046 849 1144 918 debiti
1169 859 1312 920 cuntant

213 955 310 1021 illiciti
339 974 396 1042 per
422 976 465 1030 ee,
500 957 615 1039 ⁴atquo
641 953 712 1019 ideo
738 974 759 1018 a
787 953 855 1017 Deo
882 951 1055 1017 necessario
1083 953 1232 1040 praecepti
1257 961 1313 1019 ant

213 1054 303 1121 vetiti
318 1053 554 1142 intelliguntur:
580 1074 643 1140 qna
664 1061 740 1118 note
762 1051 857 1118 distat
879 1051 937 1116 hoo
959 1051 1011 1138 jus
1036 1073 1099 1116 non
1119 1052 1160 1118 ab
1176 1053 1313 1118 humano

214 1164 335 1221 tentum
346 1153 429 1240 juro,
456 1153 511 1218 sed
528 1161 562 1218 ot
577 1174 598 1219 a
614 1151 718 1218 divino
733 1151 916 1227 voluntario,
938 1150 1022 1237 quod
1039 1173 1102 1216 non
1119 1173 1157 1217 oe
1171 1152 1314 1239 proecipit

213 1263 269 1320 ent
285 1262 459 1339 vetatque
478 1273 536 1338 per
558 1274 593 1319 ee
615 1274 652 1318 ac
677 1260 787 1338 suapte
811 1260 925 1317 natura
949 1259 1005 1316 ent
1024 1251 1130 1317 debite
1150 1261 1232 1329 sunt,
1258 1259 1314 1318 ant

215 1353 331 1430 illicita,
355 1352 410 1417 sed
426 1352 561 1417 vetando
578 1350 693 1426 illicita,
719 1350 929 1438 praecipiondo
946 1349 1052 1416 debita
1067 1350 1151 1417 iacit.

220 1494 222 1498 -
290 1455 312 1517 3
347 1450 398 1515 Ad
421 1450 502 1537 juris
527 1457 632 1515 autem
658 1449 809 1515 naturalis
834 1449 1032 1527 intellectum,
1058 1450 1227 1516 notandum
1256 1459 1312 1527 est,

258 1659 329 1708 ⁰Jsoe
346 1657 457 1706 naiurale
475 1662 510 1706 esi
532 1657 646 1704 diciaim
669 1660 739 1703 recioe
789 1657 825 1704 M.
843 1656 989 1713 Antoninus,
1004 1656 1057 1703 Lib.
1072 1669 1103 1704 11.
1117 1656 1193 1704 ailoe
1204 1657 1315 1717 λογικῶν

214 1736 326 1796 rationis]
341 1735 412 1782 Philo
421 1735 491 1791 libro,
506 1734 685 1780 omnemvirnm
695 1733 738 1778 bo·
788 1729 864 1790 ζαέων,
874 1730 907 1776 τό
921 1730 1026 1777 ἵκεσθον
1042 1732 1081 1792 τῷ
1097 1733 1144 1786 τῆς
1157 1731 1258 1779 πόλεως
1273 1737 1315 1781 rat

216 1825 273 1857 nnm
289 1825 340 1857 anae
355 1809 471 1866 liberum
486 1807 571 1867 Νόμος
589 1808 614 1853 dd
630 1806 740 1866 ἀψευδής
788 1805 922 1852 πολιτείας
936 1807 983 1860 ‘rin
995 1804 1175 1867 πρεσβυτάτης
1188 1807 1258 1867 λόγῳ
1273 1808 1314 1854 scal

215 1883 318 1943 ὁόρθδο
338 1883 425 1944 λόγος,
437 1885 484 1943 οὐχ
499 1883 548 1930 ὑπὸ
565 1883 611 1929 τοῦ
627 1882 712 1939 δεῖνος,
724 1881 739 1938 οἳ
789 1881 884 1941 δεσμῷ·
902 1879 988 1940 [ξ16Ῑ.
1018 1879 1089 1926 Finis
1104 1881 1259 1927 &immitium
1272 1897 1316 1928 ra-

214 1961 262 2006 τοῦ
272 1959 350 2005 δεῖνος
358 1956 584 2018 θνητοῦ,φθαρτὸς,
591 1959 633 2004 οὐκ
643 1957 669 2004 ἔν
677 1974 740 2019 χορ·
789 1954 851 2002 cons
866 1954 985 2012 νὶαιίίκνι,
999 1956 1066 2015 sequi
1080 1956 1152 2015 lenem
1166 1969 1316 2002 aenomaus

214 2031 323 2088 τιδὶοιτοῖ
331 2031 546 2092 στήλαιςᾶψνχοτ
555 2030 740 2092 (ι’ψὺχοις,ἆλλ’
790 2030 894 2077 dulcatis
905 2045 935 2078 ac
944 2031 1077 2090 reipublice
1087 2032 1189 2078 omnium
1198 2033 1316 2093 meionis-

217 2110 258 2155 ὑπ’
281 2107 406 2155 ἀθανάτου
424 2109 531 2167 φύσεως,
549 2106 690 2166 ἄφθαρτος,
715 2108 741 2155 ἐν
789 2107 862 2153 eimoe.
878 2107 949 2153 Adde
960 2106 1081 2154 Ciceronis
1091 2106 1170 2153 locum
1180 2108 1210 2154 de
1220 2109 1316 2168 Repub-

214 2183 331 2231 ἀθανάτω
349 2184 445 2244 διανοίᾳ
458 2182 595 2229 vesocen·
613 2183 666 2228 Lex
679 2198 740 2229 rnen-
790 2181 840 2227 lira
854 2194 896 2229 ιιι.
907 2195 977 2241 quom
989 2182 1087 2228 adducit
1098 2182 1237 2229 Lactantius
1248 2197 1284 2228 vr.
1292 2185 1316 2230 8.

216 2261 259 2306 liri
268 2260 390 2307 nerciam
404 2265 470 2306 recta
483 2258 554 2316 ratio,
569 2273 623 2319 quae
636 2259 682 2317 lec,
695 2275 741 2306 non
791 2256 910 2303 Prmolarn
924 2262 982 2303 sunt
999 2271 1053 2317 qna
1068 2257 1093 2303 in
1108 2258 1170 2304 hanc
1184 2272 1235 2305 rem
1244 2259 1318 2305 hebet

216 2337 247 2382 ab
258 2336 301 2382 hoc
312 2339 354 2382 aret
366 2335 409 2382 illo
419 2335 515 2381 mortali
525 2335 640 2392 mortalis,
655 2349 702 2380 non
715 2335 742 2381 in
793 2332 977 2393 chrysostomus
987 2345 1105 2388 x11,x111.
1116 2334 1146 2380 de
1156 2335 1249 2381 statuis.
1266 2335 1318 2381 Neo

215 2413 307 2458 chartis
319 2415 363 2457 out
377 2410 490 2457 colmie
499 2409 615 2457 nonime
624 2411 743 2467 naalma,
792 2409 926 2467 spernenda
946 2421 1000 2468 qnae
1020 2407 1126 2455 Thomas
1147 2409 1256 2455 Secunda
1274 2411 1317 2456 Se·

215 2487 258 2534 sed
271 2484 390 2546 corrumpi
405 2486 491 2542 nescia,
503 2486 591 2546 quippe
603 2486 633 2530 ab
647 2485 742 2531 immor·
792 2483 875 2528 eunde
886 2495 948 2528 nmr.
959 2483 982 2530 2.
992 2487 1018 2528 st
1034 2483 1121 2528 Seotns
1131 2494 1174 2530 ιιι.
1183 2484 1238 2530 dist
1247 2486 1285 2531 ³7.

215 2563 262 2608 tali
271 2566 360 2607 natura
369 2561 487 2619 insculpta
501 2560 526 2604 in
536 2558 665 2605 immortali
674 2558 743 2605 intel·
837 2556 848 2584 ⁸
862 2557 940 2604 Voces
953 2556 1014 2611 illue,
1024 2570 1054 2602 ao
1068 2557 1162 2611 sociali,
1173 2571 1317 2617 quamquem

216 2637 282 2683 lectu.
313 2635 382 2695 [Peg.
395 2637 449 2690 871,
459 2631 499 2693 a.]
530 2631 693 2679 Tertullianus
714 2634 743 2680 de
791 2631 817 2676 in
827 2631 935 2676 omnibns
947 2630 1005 2676 Edd.
1015 2630 1103 2683 desint,
1118 2631 1265 2678 confidenter
1275 2634 1318 2679 ad.

218 2709 313 2757 Corona
320 2705 553 2768 Militiar[oep.ri.]
565 2706 744 2767 Quoereaiyr‘tar
793 2706 903 2760 didimus,
925 2709 1055 2750 Auctorem
1072 2705 1151 2765 ipsum
1171 2706 1255 2753 dacem
1278 2723 1318 2755 ae·

215 2784 265 2830 Dei
280 2783 358 2843 leuem,
372 2782 459 2828 habore
472 2794 611 2827 communem
627 2781 698 2826 brom
717 2783 744 2828 ia
793 2781 869 2841 qunti,
880 2781 922 2842 qni
932 2780 1020 2842 inira§
1034 2783 1070 2836 12,
1085 2796 1147 2830 πνοι.
1157 2795 1176 2828 1.
1186 2797 1227 2829 eas
1237 2784 1317 2841 habet,

124 2889 131 2905 .
211 2858 308 2919 pmice
327 2856 416 2914 mundi,
435 2856 461 2901 ia
479 2855 630 2902 naturalibus
645 2857 742 2904 tabulis.
792 2858 886 2905 ethelo
904 2872 920 2905 a
942 2857 1109 2919 Typogruphis
1131 2861 1230 2908 omissas
1248 2862 1319 2911 facile

214 3142 298 3206 Ῑνοπς
315 3140 413 3195 δίκαιον
426 3141 540 3212 φυσικὸν
554 3142 610 3197 and
625 3142 723 3197 δίκαιον
736 3145 846 3213 νομικὸν,
864 3145 930 3201 Eoi.
946 3146 1051 3201 Nicom.
1064 3161 1091 3200 v.
1108 3142 1164 3218 10,]
1181 3164 1214 3203 or
1229 3148 1314 3205 Insti-

217 3228 300 3284 tuted
311 3228 387 3293 Law,
401 3227 432 3282 τὸ
446 3227 474 3281 ἐν
487 3227 568 3296 τάξει.
603 3230 665 3285 Tho
676 3230 797 3286 Hebrew
812 3231 863 3286 hes
878 3249 896 3286 a
910 3232 967 3288 like
981 3233 1153 3289 distinction.

270 3315 308 3369 X.
344 3320 358 3369 1
383 3315 504 3369 Natural
524 3315 591 3369 haw
610 3317 634 3371 is
654 3316 706 3372 the
726 3317 840 3372 Dictatc
862 3318 895 3373 of
911 3318 1000 3390 Right
1024 3320 1146 3385 Ilounon,
1164 3319 1320 3394 indicating

215 3399 279 3455 that
294 3417 351 3471 any
366 3406 422 3464 aot,
442 3400 518 3456 from
531 3401 568 3456 its
582 3409 746 3474 agreement
765 3420 798 3459 or
815 3405 1022 3476 dieagreement
1039 3407 1107 3461 with
1126 3406 1176 3462 the
1198 3408 1319 3462 rational

221 3482 288 3556 [and
303 3484 422 3552 sociol*]
442 3493 543 3541 nature
561 3486 607 3555 [of
618 3487 696 3555 man]
711 3490 804 3544 basin
819 3490 842 3544 it
856 3507 874 3544 a
888 3491 977 3545 moral
992 3491 1137 3563 turpitude
1150 3509 1183 3547 or
1197 3509 1217 3545 a
1229 3493 1319 3547 moral

215 3572 370 3642 necessity;
388 3570 445 3625 and
459 3574 660 3644 consequently
673 3574 735 3629 that
748 3574 818 3630 nuch
830 3583 877 3630 act
888 3577 912 3629 is
923 3576 1073 3630 forbidden
1089 3592 1122 3631 or
1133 3577 1319 3632 commended

215 3657 254 3729 by
270 3656 342 3720 (iod,
354 3654 404 3711 tho
418 3656 521 3710 author
535 3657 569 3712 of
582 3664 691 3714 nature.

267 3748 284 3795 2
307 3741 376 3796 Acte
390 3742 560 3813 concerning
573 3742 664 3798 which
680 3743 761 3799 thore
784 3744 809 3799 is
832 3745 901 3800 such
918 3746 1063 3801 oDictate
1081 3762 1130 3800 aro
1152 3744 1319 3820 obligatory,

219 3823 350 3898 [morally
362 3826 527 3898 necessum]
540 3844 574 3883 or
587 3846 636 3883 nro
651 3829 794 3894 unlawful,
808 3831 838 3884 in
852 3830 1028 3897 themselves,
1042 3831 1100 3887 and
1114 3848 1163 3886 are
1174 3832 1319 3890 therefore

215 3914 389 3968 understood
404 3930 435 3968 ne
449 3915 619 3985 necessarily
632 3914 818 3970 commended
839 3933 872 3972 or
892 3916 1044 3973 forbidden
1058 3919 1097 3991 by
1112 3919 1194 3983 God;
1216 3919 1273 3974 end
1289 3921 1320 3975 in

215 3999 273 4054 this
291 3999 445 4064 character,
461 4000 583 4055 Natural
601 4001 668 4055 Low
682 4001 786 4066 differs,
802 4008 854 4057 not
872 4002 940 4074 only
952 4002 1028 4058 from
1046 4005 1160 4059 Humsn
1174 4005 1250 4071 how,
1266 4006 1320 4062 but

216 4085 290 4141 from
308 4087 432 4140 Ponitire
450 4086 553 4141 Divino
571 4087 647 4152 Low,
661 4086 751 4142 which
771 4088 840 4143 does
857 4094 908 4144 not
929 4089 1024 4145 forbid
1041 4107 1075 4145 or
1096 4091 1246 4147 command
1260 4099 1320 4149 acta

216 4171 314 4237 which,
326 4172 356 4226 in
367 4171 535 4228 themselves
549 4174 605 4227 end
619 4173 658 4246 by
671 4172 747 4228 their
757 4190 819 4229 own
829 4182 939 4241 nature,
951 4192 1000 4230 ore
1014 4176 1107 4233 either
1119 4178 1278 4252 obligatory
1289 4196 1323 4236 or

268 4320 283 4354 i
300 4321 387 4370 Added
396 4322 428 4385 by
437 4321 581 4386 Barheyrao,
591 4323 653 4372 from
662 4324 728 4371 whnt
737 4325 831 4373 follows
841 4339 890 4375 xm.
902 4327 924 4375 1.
956 4326 1002 4375 See
1010 4327 1062 4376 also
1070 4329 1155 4390 ebore,
1165 4342 1206 4379 ιιι.
1217 4332 1239 4380 1.
