2866 4906
238 166 321 231 xlviii
514 213 523 227 ·
633 178 935 237 PROLEGOMENA.

236 340 304 407 illos
326 340 441 430 quippe
460 343 708 410 vehementiores
728 343 891 411 adductius
915 366 1029 433 regens
1046 352 1079 411 et
1101 345 1162 412 fine
1187 368 1224 413 ac
1247 347 1338 414 modo

236 462 390 508 coercens.

304 544 348 606 14
377 542 440 608 Sed
458 551 490 609 et
506 543 636 611 historie
651 566 741 611 sacra
757 553 873 632 practer
885 544 928 622 id,
942 543 1026 632 quod
1042 543 1075 610 in
1088 545 1252 634 preceptis
1267 568 1338 612 con·

235 638 326 718 sistit,
352 641 496 707 affectum
520 642 607 708 illum
633 644 775 711 socialem
799 665 862 710 non
887 665 998 730 parum
1029 644 1123 711 etiam
1146 667 1183 711 ec
1209 645 1336 723 excitat,

235 740 319 824 quod
336 762 392 806 nos
407 741 498 807 docet
512 742 553 808 ab
568 741 677 809 iisdem
693 743 801 831 primis
817 743 998 830 parentibus
1015 752 1101 810 ortos
1117 743 1256 810 homines
1272 767 1338 810 om·

234 859 300 915 nes,
323 838 370 905 ita
391 848 427 906 ut
450 863 487 906 eo
504 863 627 929 quoque
649 864 741 909 sensu
764 841 824 909 dici
843 851 928 909 recte
953 842 1050 928 possit
1072 842 1156 930 quod
1179 842 1240 908 alio
1258 843 1338 909 dixit
1422 847 1426 853 ’

71 952 220 1040 ὲ-ἅιῶιςω
235 937 444 1016 Florentium,
466 941 681 1029 cognationem
695 941 778 1008 inter
798 963 855 1007 nos
876 963 898 1006 a
913 950 1027 1008 natura
1047 941 1264 1021 constitutam
1289 941 1339 1008 cui

69 1044 146 1084 ‘mr-
235 1058 424 1125 consequens
446 1039 497 1116 sit,
523 1040 678 1106 hominem
706 1039 823 1106 homini
848 1039 988 1106 insidiari
1012 1040 1101 1106 nefas
1125 1062 1201 1106 esse.
1248 1041 1338 1107 Inter

235 1136 375 1203 homines
391 1138 480 1224 quasi
496 1138 573 1204 nDii
594 1139 720 1227 quidam
737 1147 810 1206 sunt
825 1147 981 1226 parentes,
1000 1139 1113 1226 quibus
1127 1138 1258 1229 proinde
1273 1161 1338 1207 non

235 1234 388 1301 infinitum
403 1236 459 1303 sed
476 1237 523 1304 sui
539 1239 664 1327 generis
678 1238 858 1324 obsequium
876 1238 1019 1304 debetur.

69 1352 222 1395 saumas.
313 1339 356 1401 15
390 1336 513 1404 Deinde
535 1360 620 1415 vero,
643 1360 712 1403 cum
731 1336 813 1424 juris
833 1347 955 1404 naturae
972 1337 1013 1403 sit
1029 1345 1113 1404 stare
1129 1338 1239 1425 pactis,
1265 1341 1336 1422 (ne-

236 1434 387 1501 cessarius
403 1436 484 1501 enim
502 1443 572 1502 erat
588 1436 671 1502 iuter
687 1436 827 1502 homines
847 1435 959 1522 aliquis
980 1457 1015 1501 se
1038 1436 1197 1524 obligandi
1214 1438 1334 1514 modus,

235 1554 337 1618 neque
356 1556 432 1599 vero
452 1534 531 1600 alius
551 1535 660 1600 modus
686 1534 838 1600 naturalis
865 1533 941 1621 fingi
967 1540 1098 1620 potest)
1122 1535 1163 1600 ab
1187 1535 1247 1600 hoc
1266 1535 1335 1623 ipso

68 1635 214 1730 mm
234 1631 320 1697 sonte
336 1631 410 1719 jura
432 1633 535 1698 civilia
555 1633 721 1699 fluxerunt.
773 1633 855 1698 Nam
872 1632 975 1718 quise
992 1632 1084 1696 coetui
1106 1632 1197 1698 elicui
1220 1655 1334 1721 aggre-

233 1739 398 1818 gaverant,
411 1741 467 1798 aut
478 1732 594 1798 homini
607 1732 843 1818 hominibusque
855 1730 1060 1816 subjecerant,
1076 1730 1109 1796 hi
1121 1740 1177 1797 aut
1188 1753 1334 1818 expresse

231 1936 319 1979 sumes,
337 1927 366 1968 ιιι
381 1923 478 1969 omnino
495 1924 645 1980 sumendum,
660 1923 758 1983 quando
808 1923 917 1984 sequenti
927 1923 996 1980 swale,
1004 1923 1056 1969 huso
1065 1923 1152 1970 omissa
1164 1922 1238 1971 inerit
1251 1925 1289 1971 rel
1302 1925 1334 1971 ab

230 1998 290 2044 nihil
300 1998 366 2044 aliud
381 1998 477 2044 additur
488 1998 553 2059 (ride
568 1999 705 2059 exemplum
720 1999 757 2044 in·
807 1999 961 2059 exscriptore,
976 1999 1016 2045 vel
1032 2013 1048 2045 a
1062 2000 1227 2060 typographo:
1243 2004 1269 2047 et
1283 2001 1334 2061 ejm

230 2069 277 2129 irs,
294 2073 347 2119 Lib.
365 2086 406 2118 ιιι.
421 2088 442 2120 ο.
460 2076 498 2121 20.
518 2072 598 2134 δόι.)
612 2078 671 2119 ιιιοο
686 2073 757 2119 utiles
807 2075 841 2121 rei
852 2074 963 2133 exempla
971 2074 1028 2119 alibi
1038 2074 1176 2120 ridebimus.
1205 2074 1232 2121 J.
1243 2075 1274 2122 B.

230 2154 326 2206 esse‚et
340 2148 417 2205 nobis,
432 2154 457 2195 et
472 2148 532 2204 aliis,
546 2148 650 2208 impetus
665 2148 719 2194 iilos
732 2148 757 2193 in
851 2157 864 2184 ὓ
879 2151 926 2197 Dii
942 2151 1040 2211 quidam
1061 2155 1114 2196 eunt
1128 2149 1252 2210 parentes]
1277 2148 1334 2198 θιοι

229 2222 631 2283 innumerosquamquodueic
647 2223 757 2269 Retinet
807 2222 916 2283 ἐπίγειοι
934 2223 1040 2270 Hierocli
1060 2225 1091 2270 ad
1110 2239 1209 2270 aureum
1229 2239 1334 2282 cumen,

230 2297 281 2345 Lex
292 2298 397 2352 Natura,
409 2299 502 2344 Auctor
511 2303 593 2344 noster
603 2298 667 2344 dicet
677 2298 756 2357 ;quod
807 2298 854 2344 Dii
868 2303 1007 2345 terrestres:
1023 2299 1119 2345 Philoni
1138 2298 1173 2345 ad
1186 2299 1335 2360 Deoalcqwm

230 2387 301 2433 qnam
311 2373 415 2419 alienum
426 2373 458 2418 ait
467 2387 483 2419 a
494 2378 575 2419 mente
588 2373 671 2433 ipsius,
685 2386 757 2419 nemo
807 2374 928 2432 ὃμφιινεῖι
941 2373 1006 2428 θοοὶ,
1015 2375 1159 2434 μιμούμενοι
1174 2375 1221 2420 τὸν
1229 2374 1333 2435 α’γένοη·

229 2445 409 2505 nonintelligit.
440 2444 579 2491 virentem
591 2444 682 2500 dubito,
697 2447 756 2504 quin
806 2465 852 2493 τον
872 2450 898 2494 ἐν
925 2450 963 2508 τῷ
989 2448 1183 2507 {mochoes-etr·
1213 2449 1334 2509 conspicui

230 2523 330 2578 propter
346 2518 526 2564 similitudidem
543 2518 607 2565 vocis
627 2519 686 2564 aliis
701 2533 755 2565 cum
806 2521 860 2579 Dii,
875 2522 918 2581 qui
932 2521 1058 2582 ingenitam
1071 2523 1149 2568 Deum
1161 2522 1333 2568 imitanturci·

762 2665 884 2671 ——.
888 2665 1016 2672 ———-.·-

228 2767 285 2822 and
299 2766 349 2821 the
362 2767 436 2838 good
457 2767 490 2821 oi
505 2767 617 2831 others3
639 2769 752 2838 putting
773 2784 791 2821 a
805 2767 896 2821 bridle
916 2784 993 2838 upon
1018 2784 1071 2822 our
1084 2784 1164 2823 more
1181 2767 1332 2825 vehement

227 2854 361 2924 passions‚
379 2852 549 2923 controlling
562 2853 618 2906 and
633 2853 801 2923 restraining
815 2852 893 2906 them
907 2852 1004 2906 within
1019 2853 1075 2908 due
1089 2852 1184 2909 limita.

283 2944 317 2992 14
341 2937 472 2992 Further.
519 2937 580 2992 The
600 2938 705 2993 Sacred
720 2939 844 3009 History,
860 2937 970 2992 besides
990 2937 1054 2993 that
1073 2945 1138 3010 part
1159 2938 1249 2994 which
1263 2956 1330 2993 con·

225 3025 289 3079 siste
302 3025 331 3076 in
345 3028 484 3094 precepta,
499 3023 583 3077 offers
597 3022 716 3078 another
730 3024 799 3078 view
813 3023 903 3077 which
918 3026 947 3077 in
962 3040 999 3078 no
1014 3024 1095 3078 small
1109 3024 1212 3094 degree
1226 3025 1331 3080 excites

225 3108 276 3163 the
296 3108 382 3163 social
396 3108 527 3164 affection
542 3108 576 3162 oi
595 3109 686 3163 which
703 3125 745 3163 wc
763 3109 834 3163 hare
857 3109 981 3180 spoken;
1003 3109 1030 3162 in
1049 3108 1112 3164 that
1126 3109 1149 3163 it
1164 3109 1276 3164 teaches
1298 3127 1330 3165 us

225 3194 289 3249 that
311 3194 350 3248 all
364 3209 430 3248 men
444 3212 494 3249 are
508 3211 613 3266 sprung
627 3195 702 3250 from
717 3194 765 3249 the
779 3211 856 3250 same
876 3200 997 3266 parents.
1035 3194 1100 3248 And
1117 3193 1183 3248 thus
1203 3211 1245 3249 we
1264 3212 1330 3265 may

225 3280 331 3352 rightly
348 3296 406 3351 say,
429 3281 460 3334 in
482 3280 538 3334 this
565 3275 645 3336 senso
669 3282 737 3345 also,
761 3281 835 3334 what
861 3280 1040 3334 Florentinus
1065 3296 1128 3351 says
1155 3281 1184 3333 in
1211 3279 1330 3335 another

225 3383 314 3430 sense,
336 3365 398 3421 that
413 3365 493 3421 there
512 3366 536 3421 is
554 3382 572 3419 a
589 3367 709 3422 kindred
727 3364 895 3422 established
913 3380 1017 3437 among
1033 3381 1066 3420 ns
1083 3365 1123 3436 by
1139 3371 1254 3420 nature:
1274 3366 1331 3420 and

225 3453 255 3505 in
276 3453 368 3507 virtue
391 3451 425 3506 ot
447 3451 503 3507 this
525 3452 645 3508 relation
668 3455 691 3508 it
713 3453 736 3507 is
760 3468 855 3522 wrong
874 3450 919 3505 ior
939 3468 1005 3505 man
1029 3457 1059 3505 ιο
1081 3451 1180 3507 intend
1201 3451 1334 3508 mischici

224 3537 345 3592 towards
360 3554 434 3592 man.

346 3621 458 3694 Among
469 3640 535 3679 men
559 3622 610 3692 [all
622 3639 670 3678 are
684 3628 734 3677 not
754 3638 792 3677 on
813 3623 862 3677 tho
876 3638 952 3677 same
966 3621 1076 3692 footing
1090 3621 1211 3677 towards
1227 3639 1275 3677 us:
1298 3639 1329 3678 os

224 3709 270 3763 ior
284 3707 431 3775 instance]
453 3724 506 3763 our
528 3715 642 3779 parents
663 3724 711 3762 are
734 3725 752 3762 a
766 3715 826 3763 sort
848 3707 882 3762 oi
894 3707 971 3762 Gods
986 3713 1016 3762 to
1039 3724 1081 3771 us,
1102 3713 1132 3761 ιο
1155 3706 1246 3761 whom
1261 3707 1329 3762 oba·

222 3795 323 3849 dicnce
338 3794 361 3848 is
376 3792 448 3859 due;
462 3799 513 3848 not
525 3794 633 3850 infinite
647 3793 758 3858 indeed,
769 3794 822 3849 but
835 3810 873 3847 an
888 3793 1040 3848 obedience
1055 3792 1088 3848 oi
1098 3793 1134 3846 its
1149 3808 1211 3846 own
1225 3808 1330 3865 proper

223 3880 301 3934 kind.
355 3899 356 3902 ¹

280 3971 312 4020 lc
341 3964 376 4019 In
395 3964 446 4020 the
460 3969 527 4020 nort
542 3965 630 4036 place,
650 3965 727 4021 since
741 3965 764 4020 it
784 3964 808 4019 is
822 3962 1015 4019 conformable
1032 3968 1063 4017 to
1076 3963 1198 4019 Natural
1212 3963 1280 4018 Law
1297 3969 1328 4018 to

220 4051 340 4106 observo
352 4056 504 4122 compacts,
521 4049 580 4117 (ior
593 4066 670 4105 some
684 4050 768 4105 mode
782 4049 816 4105 of
827 4049 952 4121 obliging
972 4048 1140 4105 themselves
1162 4066 1218 4104 was
1232 4066 1329 4104 neces·

221 4153 288 4208 aary
308 4152 411 4206 among
430 4152 505 4201 men,
526 4136 583 4190 and
608 4152 645 4190 no
671 4135 753 4190 other
776 4135 888 4190 natural
910 4134 993 4191 mods
1008 4135 1091 4190 could
1105 4135 1142 4191 be
1164 4134 1328 4206 imagined,)

224 4222 296 4278 Oiwil
310 4222 411 4292 Rights
431 4238 505 4276 were
524 4221 639 4276 derised
658 4221 734 4275 from
757 4221 813 4276 this
827 4236 934 4285 source,
956 4221 1065 4276 mutual
1088 4226 1226 4293 compact.
1271 4222 1330 4276 For

223 4308 305 4364 those
319 4306 381 4362 who
392 4307 449 4363 hed
459 4308 558 4378 joined
572 4325 628 4379 any
641 4307 822 4378 community,
839 4322 872 4363 or
885 4316 938 4378 put
950 4306 1117 4365 themselves
1128 4307 1159 4362 in
1172 4307 1330 4379 subjectior
