2866 4906
241 190 305 257 328
487 200 541 253 DE
561 194 838 262 AOQUISITIONE
860 194 1091 250 onlemsurn
1212 192 1288 262 [Lrn.
1299 194 1338 250 11.

79 384 226 425 ιιιιιιωιιτ
239 364 464 454 praesentibus:
489 364 572 451 quod
593 356 762 430 “Seneca
753 384 786 427 m
806 359 1019 429 controversis
1039 360 1175 446 quodum
1197 359 1342 446 exsequi-

238 474 312 530 tur:
337 467 478 530 Putate
498 486 624 529 Servum
641 484 705 528 6880
721 483 936 528 communem:
963 461 1041 526 huie
1060 462 1190 526 domino
1209 482 1341 536 wilm,

238 566 314 650 qui
323 584 469 649 procerte
485 575 539 627 est.

316 663 406 728 XXI.
457 653 631 725 ‘Naturalis
652 668 755 725 sutem
780 658 857 724 ordo
878 656 961 724 inter
980 657 1078 724 socios
1094 658 1144 724 hic
1165 666 1223 736 est,
1244 666 1342 746 prout

187 755 370 848 quisque
398 759 431 826 iu
460 759 637 826 societatem
667 757 763 824 venit.
814 756 867 823 Sic
887 756 970 822 inter
993 756 1147 823 iratres
1139 781 1165 823 rs
1193 768 1342 824 servetur

142 866 145 871 ’
241 861 328 936 ordo,
344 867 380 925 ut
396 857 450 946 qui
465 859 584 946 primns
599 866 692 924 nutus
708 867 757 923 est
772 855 908 942 reliquos
922 856 1088 942 proeoedut,
1110 866 1207 943 etque
1223 856 1269 923 its
1286 857 1342 922 de·

78 1070 147 1110 mle
157 1070 204 1111 Nic

77 1116 120 1155 viil.
129 1117 157 1154 ts

79 1277 222 1320 bibiano

80 1325 208 1366 Οοιιιιιιιὶι

240 959 354 1046 inceps,
380 957 503 1044 rejectis
525 957 594 1022 aliis
618 956 758 1022 omnibus
780 954 999 1042 qualitatibus.
1032 958 1101 1025 tuos
1124 953 1205 1048 γὰρ,
1238 955 1342 1042 inquit

242 1057 441 1134 Aristoteles,
455 1053 546 1136 πλην
560 1051 647 1151 ἔφη
629 1084 706 1125 οσον
722 1056 795 1127 τοῖς
812 1052 950 1135 ἡλικίαις
966 1046 1219 1132 διαλλάττουσι,
1236 1078 1342 1141 pares

241 1161 326 1225 euim
341 1169 417 1224 suut
427 1157 653 1242 franconici
669 1166 826 1241 quatenus
842 1166 923 1219 ctas
939 1176 990 1221 eos
1005 1157 1188 1240 distinquit.
1236 1156 1341 1221 Theo-

241 1256 345 1324 dosius
362 1265 395 1322 et
408 1255 549 1321 Valens
540 1278 573 1320 ιιι
578 1252 808 1320 constitutione
824 1253 865 1318 de
881 1253 1020 1318 ordine
1011 1263 1093 1320 inter
1115 1253 1256 1320 consules
1272 1276 1339 1321 ser·

240 1356 361 1422 vendo:
391 1357 474 1436 Quis
490 1356 627 1421 enimin
643 1375 707 1418 uuo
729 1355 894 1470 eodemque
912 1374 1024 1437 penore
1045 1355 1222 1438 dipsitott's
1239 1356 1341 1440 prior

241 1479 307 1522 csse
327 1444 491 1530 debuerat,
515 1456 604 1520 inici
621 1455 679 1540 qut
701 1454 799 1539 prior
821 1454 941 1516 meruit
964 1453 1185 1536 dipsitutem?
1232 1456 1340 1539 Atque

241 1554 292 1621 hic
309 1575 375 1619 mos
395 1552 565 1639 antiquitus
586 1551 619 1615 iu
641 1550 888 1616 Christianorum
905 1571 1027 1636 quoquo
1049 1571 1160 1639 regum
1183 1573 1221 1616 ac
1239 1573 1341 1638 popu-

239 1652 341 1719 lorum
358 1651 505 1717 societate
526 1647 668 1726 obtinuit,
691 1649 793 1735 utqui
810 1648 902 1735 primi
920 1648 1186 1715 Christianismum
1205 1649 1341 1736 professi

239 1761 321 1828 snut,
339 1743 392 1815 11ἰιι
409 1749 543 1816 conciliis
558 1748 600 1814 sd
616 1770 684 1814 rem
696 1747 904 1814 Christisnsm
915 1748 1140 1835 pertinentibus
1156 1750 1342 1835 praecedunt

239 1857 420 2015 &Qu
468 1947 550 2015 Illud
566 1955 671 2013 ιιιιιιοιι
687 1946 865 2013 addendum
886 1954 951 2012 est:
979 1945 1100 2033 quoties
1116 1947 1248 2014 societas
1267 1948 1339 2013 fuu-

239 2047 418 2115 dumentum
434 2047 530 2114 hsbet
544 2047 577 2112 iu
593 2069 640 2125 re,
653 2068 746 2133 quem
761 2067 824 2111 non
841 2046 1001 2132 squuliter
1018 2068 1123 2113 omnes
1138 2047 1343 2135 participant,

283 2238 295 2273 ¹¹
318 2239 407 2288 Seneca
427 2241 452 2286 in
471 2239 630 2288 controuersia
648 2235 764 2298 quodum]
812 2237 880 2296 Saepe
890 2237 1099 2295 munusculum
1113 2238 1138 2283 iu
1153 2238 1196 2285 illu
1208 2239 1295 2299 reguls
1308 2239 1342 2285 dc

238 2313 313 2361 Imbro
334 2328 373 2363 111.
394 2319 471 2362 contr.
492 2316 542 2362 xix.
568 2315 626 2375 [Sed
642 2325 712 2360 casus
727 2317 764 2359 ost
812 2311 901 2370 majore
915 2317 991 2370 purte,
1006 2312 1073 2372 leges
1088 2314 1254 2373 exceptionem
1272 2314 1342 2370 dunt,

238 2390 321 2448 paullo
331 2389 444 2446 diversus,
454 2394 482 2435 ut
491 2393 567 2448 patet.
597 2388 624 2436 J.
634 2386 679 2448 B.]
812 2390 874 2443 putu
887 2389 915 2431 ut
930 2385 984 2431 dum
996 2392 1077 2444 purten
1092 2389 1175 2434 edesse
1193 2388 1298 2434 debeam
1310 2388 1340 2434 1..

283 2472 294 2496 θ
306 2463 466 2523 Quiproesm
474 2462 519 2523 cst]
535 2465 575 2509 ltu
581 2468 610 2510 ut
617 2468 642 2510 et
649 2463 680 2508 sd
689 2474 763 2507 ununr
813 2461 889 2516 Nulli,
900 2464 923 2508 3.
934 2461 966 2508 D.
982 2463 1047 2509 dioto
1057 2463 1136 2521 titulo,
1146 2464 1212 2523 qnod
1222 2465 1342 2525 cujusque

239 2537 345 2584 recidere
363 2539 439 2597 possit
460 2552 546 2584 nomen
565 2536 726 2583 universitatis
745 2534 762 2580 l.
812 2535 878 2581 univ.
885 2537 980 2582 nomine
987 2536 1017 2583 L.
1027 2537 1341 2595 nominationum,46.c.de

239 2613 309 2660 sicut.
319 2614 341 2660 7.
354 2612 368 2672 ἕ
382 2616 405 2660 2.
422 2613 454 2660 Ι).
470 2613 534 2672 qnod
545 2613 659 2672 cujusque
670 2612 764 2657 univer·
813 2609 992 2657 decurionibus:
1008 2615 1035 2656 ut
1049 2612 1160 2657 absentes
1180 2612 1342 2672 praesentibus

239 2687 316 2732 sitatis
331 2688 434 2742 nomine,
444 2688 485 2733 ubi
499 2687 688 2733 Wesembecinm
702 2686 765 2734 wido.
812 2684 875 2730 vices
890 2698 944 2729 suns
958 2685 1071 2731 mundare
1084 2691 1127 2732 unt
1140 2686 1281 2746 suffragium
1295 2700 1342 2746 per

239 2757 311 2803 Adde
321 2757 337 2803 l.
348 2758 499 2817 rescriptum,
519 2759 556 2804 10.
572 2757 604 2803 D.
623 2756 652 2802 dc
671 2756 763 2802 Pastis.
813 2764 992 2818 procuratorem
1013 2761 1070 2806 dure
1084 2761 1177 2820 possint
1198 2775 1219 2808 ο.
1242 2762 1262 2807 si
1283 2762 1341 2822 quis

239 2832 293 2877 Zus.
303 2833 328 2876 in
342 2832 439 2890 purutit.
456 2831 488 2878 D.
507 2832 535 2876 dc
546 2831 637 2877 Paetis.
655 2831 722 2876 Bnrt
739 2831 763 2875 in
808 2834 885 2893 justo,
897 2833 934 2880 46.
946 2833 975 2879 dc
984 2833 1106 2880 Elcciions
1115 2836 1139 2881 in
1148 2848 1183 2880 vr.

238 2907 291 2953 Lib.
304 2921 321 2952 1.
333 2921 398 2952 unm.
409 2910 432 2954 3.
448 2907 477 2953 de
487 2907 542 2952 albo
551 2907 682 2952 scribendo.
698 2907 763 2953 Boer.
858 2905 1008 2953 ‘Naturalis
1025 2907 1094 2968 ordo]
1114 2909 1153 2956 De
1172 2911 1341 2970 pmoedontiis

239 2981 309 3027 decis
330 2994 348 3027 1.
373 2993 439 3026 num.
459 2983 482 3026 4.
504 2980 637 3026 Antonium
659 2979 764 3024 Fubrnm
813 2981 873 3037 vids,
893 2983 914 3026 si
933 2983 1009 3038 lubet,
1030 2984 1065 3029 M.
1082 2984 1216 3030 Antonium
1237 2985 1338 3032 Nsttsm

239 3054 320 3099 codice
330 3053 470 3108 Subuudico,
484 3052 538 3099 Lib.
549 3065 568 3097 1.
578 3052 616 3097 tic.
627 3052 660 3097 iii.
671 3052 761 3098 definit.
813 3068 878 3101 cons.
895 3057 947 3103 Ino.
964 3070 987 3102 n.
999 3060 1035 3103 22.
1047 3061 1073 3103 et
1086 3071 1150 3105 cons.
1162 3060 1339 3107 loommin.

238 3130 276 3176 40.
301 3128 430 3187 lleinlring.
450 3127 504 3172 Lib.
529 3139 546 3171 1.
567 3126 642 3172 classe
663 3139 686 3172 v.
704 3140 724 3171 c.
740 3129 763 3172 8.
813 3143 877 3176 unm.
888 3133 926 3177 31.
957 3131 1148 3179 Murtwrscher
1163 3135 1268 3181 consiliis
1283 3135 1340 3182 Ca·

292 3375 374 3430 XXI.
411 3375 472 3430 The
493 3376 604 3431 natural
618 3377 702 3431 order
723 3376 756 3431 of
771 3379 943 3448 procedenoc
960 3382 990 3434 in
1011 3397 1029 3435 u
1049 3381 1227 3453 purtuership
1245 3383 1268 3438 is
1286 3383 1339 3439 tho

238 3461 322 3517 order
336 3462 365 3514 in
377 3461 466 3515 which
481 3461 530 3516 the
545 3463 683 3516 mombers
697 3462 768 3517 hare
783 3480 863 3519 come
877 3466 937 3519 into
949 3466 980 3521 it.
1005 3467 1044 3521 So
1056 3467 1105 3521 the
1117 3468 1207 3522 oldest
1219 3467 1340 3524 brother

238 3547 339 3616 ulwsys
354 3548 458 3600 retains
472 3546 516 3601 his
530 3549 657 3619 superior
671 3548 826 3618 privileges.
862 3551 917 3605 Sos
931 3552 1073 3608 Aristotle.
1109 3553 1148 3607 So
1160 3553 1337 3609 Theodosius

238 3631 295 3684 und
314 3631 427 3695 Valens,
441 3633 474 3686 of
493 3633 665 3701 precedcnce
679 3633 806 3689 between
819 3635 869 3690 ths
887 3636 1013 3692 Gonsuls.
1060 3638 1098 3692 So
1113 3639 1143 3691 in
1158 3638 1206 3692 the
1220 3640 1338 3708 general

238 3715 404 3769 association
418 3716 451 3770 of
464 3717 603 3771 Christian
617 3719 698 3789 kiugs
713 3720 769 3773 und
783 3721 903 3785 untions,
920 3720 1055 3792 formerly
1072 3722 1153 3779 those
1167 3723 1224 3778 hed
1238 3741 1341 3795 preco·

239 3799 328 3853 donce
340 3800 369 3851 in
384 3799 433 3855 the
442 3803 565 3856 councils
577 3803 639 3858 who
654 3803 709 3857 hud
722 3806 783 3858 first
797 3806 941 3876 professed
956 3807 1146 3881 Christianity.

293 3884 393 3939 xxrl.
430 3885 458 3939 It
471 3887 495 3940 is
508 3893 538 3939 to
550 3887 585 3942 be
597 3889 688 3943 udded
697 3889 833 3955 however,
842 3891 905 3946 thot
919 3893 998 3947 when
1013 3910 1031 3947 u
1042 3894 1220 3966 pertnership
1233 3893 1284 3951 has
1300 3896 1340 3952 its

239 3969 406 4023 foundation
421 3970 449 4023 in
461 3980 596 4044 property
610 3973 699 4028 which
714 3976 753 4028 ull
768 3975 805 4030 do
819 3984 870 4031 not
885 3978 996 4048 equally
1008 3979 1089 4034 share
1104 3981 1149 4045 in;
1163 3997 1194 4034 ss
1208 3981 1238 4044 if,
1254 3982 1284 4035 in
1298 3999 1338 4036 un

238 4054 412 4110 inhoritunco
428 4072 461 4108 or
472 4055 554 4110 other
567 4064 664 4120 estote,
681 4075 734 4114 ono
749 4077 850 4131 person
862 4062 912 4116 hus
926 4080 944 4117 o
958 4064 1025 4128 half,
1040 4080 1094 4120 one
1113 4083 1131 4119 s
1148 4065 1232 4130 third,
1248 4082 1303 4121 one
1319 4084 1342 4122 ιι

238 4141 353 4206 fourth,
370 4141 447 4205 then,
462 4146 512 4195 not
524 4142 590 4214 only
604 4144 627 4196 is
641 4142 690 4198 the
705 4145 789 4200 order
803 4149 836 4201 oi
851 4149 1024 4219 precedence
1039 4156 1069 4204 to
1083 4150 1176 4206 follow
1187 4151 1237 4205 the
1251 4152 1339 4208 order

238 4227 272 4282 of
288 4226 392 4292 shores,
409 4228 461 4282 but
478 4227 537 4282 ulso
551 4227 601 4282 tho
618 4229 720 4299 wcigbt
741 4231 774 4286 of
789 4232 837 4288 the
852 4240 930 4288 votes
949 4241 1024 4289 must
1042 4235 1078 4290 be
1092 4237 1285 4307 proportionul
1305 4243 1337 4293 to

239 4313 287 4367 the
302 4312 404 4367 shurcs.
451 4313 564 4368 Andos
582 4313 637 4367 this
656 4315 679 4369 is
693 4315 742 4370 the
760 4319 821 4372 rulo
839 4318 872 4372 oi
887 4320 997 4374 nuturul
1016 4323 1120 4393 equity,
1139 4338 1170 4377 so
1187 4322 1211 4375 is
1231 4323 1255 4376 it
1275 4323 1346 4378 uiso.
