2866 4906
118 234 187 294 011³.
198 230 269 306 ua]
385 234 513 292 SUMMI
529 234 684 291 IMPERII
704 231 947 289 excussum.
1154 222 1216 287 153

117 400 274 490 obligatus
297 398 377 466 liber
397 409 512 479 manet,
528 399 555 464 si
572 399 701 465 alterins
721 398 868 486 potestati
893 399 1049 486 subjectus
1070 419 1133 464 non
1157 407 1215 477 est,

117 499 266 587 sequitur,
285 507 322 564 ut
335 520 486 564 mmmum
502 497 664 585 imperium
680 500 822 564 retineat
867 500 973 586 Atque
985 498 1068 565 idem
1084 497 1125 563 de
1139 519 1217 587 rege

116 597 384 687 pronunciandum
401 606 459 662 est.
508 598 567 663 Est
582 597 665 662 enim
681 597 786 685 populi
802 597 892 664 liberi
913 607 946 664 οι
961 597 1054 686 regis,
1071 597 1125 683 qni
1141 619 1216 664 vere

117 719 174 764 rex
189 696 242 773 sit,
259 697 369 762 eadem
385 696 474 761 ratio.
526 695 625 763 Addit
646 697 805 772 Proculus,
826 696 903 761 illud
919 696 1011 784 adjici
1031 696 1065 762 iu
1084 696 1215 772 soedere,

118 806 153 863 ut
168 795 363 884 intelligatur
376 794 509 860 alterum
525 795 671 880 populum
688 795 878 881 superiorem
901 816 978 872 esse,
995 817 1057 860 nou
1073 803 1110 860 ut
1126 795 1217 862 intel-

117 895 234 984 ligatur
250 895 384 960 alterum
401 915 464 957 non
485 915 552 959 esse
569 893 708 959 liberum.
756 892 954 980 Superiorem
975 893 1025 959 hic
1041 893 1217 983 intelligere

120 994 265 1060 debemus
284 1014 347 1057 nou
370 1000 525 1078 potestate
541 991 620 1079 (jam
642 993 723 1057 euim
746 993 872 1058 dixerat
887 992 982 1058 talem
1003 992 1153 1079 populum
1169 994 1217 1058 al-

121 1093 218 1158 terius
232 1091 380 1178 potestati
402 1088 572 1176 subjeetum
589 1112 650 1156 non
668 1095 748 1177 esse)
769 1092 824 1156 sed
844 1091 1041 1167 auctoritate,
1063 1100 1097 1157 et
1115 1091 1219 1179 digni-

122 1199 205 1257 tate:
230 1191 314 1277 quod
332 1189 429 1255 verba
444 1189 605 1275 sequentia
626 1200 701 1276 apta
721 1189 886 1256 admodum
907 1189 1104 1256 similitudine
1120 1190 1218 1275 expli-

120 1299 201 1357 cant
257 1290 544 1371 Quemadmodum,
566 1287 677 1373 inquit,
704 1291 833 1354 clientes
859 1301 985 1354 oestron
1006 1289 1218 1372 aucupemus

121 1390 238 1455 liberos
249 1410 323 1463 esec,
339 1390 471 1452 οιίοοιοι·
487 1408 585 1469 aeque
597 1389 802 1463 auctoritate,
820 1408 918 1469 aeque
930 1388 1101 1472 dignitate,
1118 1409 1218 1472 oeque

113 1488 196 1570 jure
211 1488 315 1552 ‘omae‘
329 1486 420 1551 nobie
436 1507 536 1571 pares
548 1497 648 1551 eant.-
670 1488 719 1551 m'c
733 1498 764 1551 et
778 1507 839 1561 eos,
857 1487 916 1571 qui
931 1487 1129 1570 majestatem
1146 1508 1218 1550 ooc-

121 1597 211 1651 tram
235 1585 364 1651 comiter
386 1605 574 1650 cucumare
596 1585 717 1661 debeat,
744 1586 861 1650 liberm
885 1606 950 1650 esee
974 1586 1217 1669 irrumpendum

119 1696 175 1751 eet.
698 1742 700 1746 Α

195 1785 217 1847 3
253 1781 388 1849 Clientes
410 1782 443 1848 in
465 1783 528 1849 lide
547 1791 619 1850 sunt
641 1793 862 1871 patronorum3
888 1776 945 1850 ‘sic
970 1783 1074 1872 pepuli
1099 1783 1218 1850 foedere

120 1879 282 1947 inferiores
297 1882 331 1946 in
346 1881 409 1948 lide
424 1883 540 1968 populi,
557 1883 610 1968 qui
628 1883 780 1970 dignitate
797 1893 846 1948 est
862 1883 1013 1969 superior.
1065 1883 1146 1949 Sunt
1161 1880 1216 1951 ἐπὶ

122 1976 338 2074 προστάταις,
355 1976 419 2073 οὐχ
436 1977 622 2058 ὑποτελεῖς,
640 1985 697 2047 etth
708 1985 907 2067 patrocinio,
924 2005 988 2047 mom
1003 1984 1064 2047 sub
1080 1985 1215 2058 ditione,

120 2088 156 2145 ut
172 2079 263 2167 Sylla
278 2080 363 2166 apud
379 2079 553 2166 Appianum
570 2079 725 2166 loquitnr;
747 2080 780 2145 in
792 2090 893 2167 parte,
911 2102 973 2145 nou
989 2080 1021 2144 in
1039 2079 1165 2158 ditione,
1181 2089 1217 2146 ut
1230 2101 1380 2151 umnam

121 2176 245 2245 Liviust
262 2187 296 2243 et
312 2179 421 2244 Cicero
438 2179 603 2244 officiorum
617 2180 750 2244 secundo
767 2179 923 2244 sanctiora
935 2179 988 2243 illa
1002 2177 1215 2242 Romanorum
1228 2192 1277 2286 ἐξ
1283 2201 1325 2277 {¹²

120 2284 262 2363 tempora
278 2276 463 2356 describens,
480 2277 681 2364 patrocinium
697 2277 846 2342 sociorum
864 2277 909 2342 ait
930 2297 1025 2362 penes
1042 2298 1094 2340 eos
1111 2275 1215 2353 fuisse,

120 2394 182 2440 nen
206 2374 390 2462 imperium:
413 2376 535 2461 quicum
558 2376 632 2441 satis
660 2375 802 2440 conuenit
825 2374 938 2440 dictum
961 2374 1038 2438 illud
1066 2374 1217 2462 Scipionis

121 2473 258 2539 Africani
274 2474 420 2559 Majoris:
448 2477 612 2558 Populum
637 2478 822 2541 Romanum
847 2476 991 2558 beneflcio
1008 2495 1107 2559 qaam
1132 2485 1217 2538 meta
1229 2483 1381 2569 32¹¹th

120 2574 264 2658 obligare
288 2574 431 2639 domimo
450 2575 557 2648 malle,
584 2587 772 2659 socerosque
792 2585 899 2658 pentec
912 2575 980 2657 fide
1003 2595 1044 2636 ac
1066 2573 1219 2638 societate

121 2749 251 2807 amem
280 2749 326 2808 plu
352 2747 420 2795 nord
444 2750 477 2795 τὸ
501 2751 548 2804 τῆς
572 2751 647 2807 τιμῆς
695 2748 823 2796 trIacorum
838 2749 1010 2808 protecttunem
1025 2747 1120 2794 dedere.
1141 2746 1219 2794 llere·

121 2821 229 2883 ἂξίωμα,
250 2823 400 2881 αὐτονόμους
423 2823 449 2869 dl
467 2824 509 2870 καὶ
524 2823 647 2881 οὖτοκρᾰ·
695 2824 792 2870 (ιίιιιιιιι
814 2824 951 2881 Ὀσροηνῶν
965 2841 997 2869 το
1019 2825 1061 2869 xul
1081 2823 1220 2882 Ἀρμενίων,

120 2914 198 2956 copus
211 2897 340 2955 ludos-our,
353 2897 470 2958 diynitate
489 2898 582 2958 quidem
601 2898 647 2943 ni·
695 2896 730 2943 ιὸν
744 2896 808 2952 ἦσαν
823 2897 846 2943 ol
860 2898 905 2956 μὲν
921 2897 1033 2952 ὑπήκοοι,
1053 2896 1077 2941 ol
1097 2896 1122 2940 dd
1144 2896 1220 2955 φίλοι

120 2973 430 3030 nummatum
436 2973 558 3033 pleneque
565 2977 646 3032 poea-
695 2973 736 3018 xci
756 2973 892 3034 σύμμαχοι.
924 2971 1082 3018 onosma
1099 2976 1122 3017 et
1137 2971 1220 3017 Arme-

120 3049 186 3095 me.
217 3048 280 3094 Vlde
308 3048 446 3095 Cantatum
474 3047 647 3094 Saxonicorum
694 3047 794 3104 sciorum,
813 3062 911 3107 quorum
932 3047 959 3092 1ιί
978 3046 1066 3092 modos·
1085 3051 1161 3103 eram,
1182 3045 1221 3090 iili

120 3133 148 3167 x.
162 3119 230 3181 (cup.
240 3122 270 3180 ³)
283 3122 314 3168 de
323 3122 430 3180 urbibus,
441 3135 495 3183 quus
509 3122 570 3167 seio
581 3123 647 3167 Aua·
695 3122 882 3170 omiciuceooii.
913 3121 966 3168 Lib.
978 3121 1110 3180 v11.(c.2.)

120 3362 216 3419 bound
225 3363 264 3436 by
270 3364 339 3419 such
348 3364 473 3437 aleague
481 3365 505 3420 is
514 3365 582 3429 free,
590 3367 613 3420 it
622 3366 729 3421 follows
736 3366 798 3421 that
807 3367 829 3420 it
838 3379 980 3435 presumas
989 3363 1024 3416 its
1032 3362 1220 3432 sovereignty.

173 3450 235 3505 'Ihe
255 3467 333 3505 sume
350 3468 415 3523 may
434 3453 469 3506 be
484 3452 544 3505 said
558 3452 592 3505 ol
606 3469 624 3506 a
637 3453 719 3522 king;
736 3450 877 3505 forthere
897 3451 921 3503 ie
938 3465 975 3502 au
989 3447 1080 3502 entire
1100 3448 1221 3518 analogy

120 3534 248 3591 between
262 3553 280 3590 a
290 3536 351 3592 free
365 3537 476 3609 people,
487 3537 542 3590 aud
557 3553 574 3590 a
588 3538 656 3608 king
668 3538 729 3591 who
740 3538 764 3591 is
775 3536 852 3606 truly
862 3551 880 3588 a
890 3536 966 3604 king.
990 3533 1127 3587 Proculus
1141 3532 1220 3597 adds,

120 3621 183 3676 that
196 3620 305 3692 though
316 3638 370 3676 oue
388 3624 421 3676 of
437 3622 487 3677 the
498 3623 612 3693 peoplcs
627 3623 662 3677 bc
679 3624 814 3694 superior,
826 3620 895 3676 both
910 3637 958 3674 are
969 3619 1046 3683 free3
1063 3620 1185 3689 superior
1196 3620 1220 3673 is

120 3705 188 3762 here
199 3707 370 3762 understood
382 3714 433 3762 not
445 3708 478 3762 of
487 3723 588 3778 power,
596 3708 647 3763 but
659 3708 692 3763 of
701 3708 844 3778 authority
855 3706 911 3761 and
923 3705 1039 3777 dignity.
1065 3705 1104 3758 So
1114 3705 1220 3759 Ollonts

119 3808 168 3848 are
180 3793 251 3856 free,
266 3799 314 3864 yet
328 3793 444 3847 inferior
458 3800 488 3847 ιο
500 3794 628 3848 Patrona.

176 3884 194 3934 3
220 3877 328 3933 cliente
342 3895 391 3934 are
405 3879 497 3933 under
507 3878 557 3934 tho
569 3879 727 3949 protection
739 3880 772 3934 of
784 3879 859 3934 their
871 3880 991 3932 Patrone
1006 3877 1049 3944 (ia
1057 3878 1114 3951 fide
1124 3887 1221 3949 potro-

117 3962 297 4031 aerum);·so
314 3964 345 4018 iu
358 3981 396 4018 an
413 3965 536 4034 unequal
553 3964 680 4029 allianco,
700 3965 749 4019 the
765 3964 882 4019 inferior
900 3962 1001 4035 people
1018 3965 1042 4017 is
1062 3964 1152 4018 under
1171 3963 1220 4017 tho

119 4049 279 4120 protection
298 4049 332 4105 of
348 4049 398 4106 the
417 4051 519 4121 people
541 4051 668 4120 superior
684 4051 713 4103 in
728 4051 845 4121 dIgoity.
885 4050 964 4120 They
978 4065 1026 4104 are
1044 4049 1135 4104 under
1146 4049 1221 4103 their

119 4135 295 4207 patrouship,
315 4141 368 4190 not
384 4135 475 4189 under
491 4134 565 4190 their
579 4134 731 4206 authority,
747 4138 795 4190 aab
806 4136 967 4207 patrocinio,
981 4153 1037 4189 aon
1050 4136 1097 4189 aab
1111 4135 1217 4188 dutum.

119 4219 212 4276 There
232 4238 283 4276 are
300 4238 386 4292 many
396 4221 537 4291 examples
550 4221 582 4275 of
593 4221 648 4275 this
660 4221 831 4285 distinction,
845 4222 874 4274 iu
888 4221 1008 4292 Applau,
1021 4221 1101 4291 Livy,
1113 4219 1221 4280 Cicero,

119 4305 233 4362 Strabo.
258 4302 327 4377 [See
338 4305 388 4361 tho
396 4301 478 4374 text]
512 4307 550 4360 As
561 4308 669 4377 private
680 4306 845 4378 patronship
854 4307 921 4360 does
932 4313 983 4363 not
995 4306 1061 4360 talo
1072 4319 1221 4373 awaypor*

118 4391 200 4452 annul
213 4391 326 4464 liberty,
340 4407 372 4447 sc
387 4391 482 4463 public
500 4391 665 4463 patrouship
681 4391 749 4447 does
764 4399 815 4447 ιιοι
830 4391 895 4446 take
908 4408 986 4462 away
1000 4389 1095 4463 publio
1109 4387 1220 4457 liberty,
