2866 4906
221 187 285 252 130
515 193 629 251 nuum
650 192 834 250 PARTITIO
855 191 1024 251 DUPLEX.
1216 191 1289 263 [Lm.
1299 196 1323 252 1.

218 359 382 440 transibat,
409 359 503 429 ctiam
519 368 590 450 post
607 361 752 450 Ephoros
772 361 965 428 constitutos.
1013 363 1057 428 Et
1079 358 1119 427 de
1142 360 1197 427 teli
1214 384 1324 452 regno,

57 475 176 520 mum
220 461 254 529 id
277 470 335 541 est,
356 461 542 550 principatu,
561 471 609 528 est
628 461 712 550 apud
735 461 956 529 Aristotelem:
980 455 1110 529 τούτων
1132 463 1200 529 τῶν
1224 460 1326 547 βασι-

8 573 12 579 “
220 559 318 633 heroic
341 560 375 630 ci
391 559 448 646 μὲν
473 559 561 630 κατὰ
575 558 674 653 ’γένος
695 563 784 640 eiclv,
810 567 843 629 ci
860 554 896 629 dd
913 559 1052 652 αἱρεταὶ,
1078 563 1230 647 quoedam
1250 585 1326 629 san·

219 664 332 750 peinis
347 662 434 747 jore,
459 665 609 750 quoedum
624 663 773 729 eloctimso
787 663 1001 747 desmawr:
1023 668 1056 727 et
1079 660 1225 726 Hernicis
1247 669 1326 728 tem·

221 761 350 849 poribus
374 754 537 849 ‘pleraque
557 760 590 826 in
610 760 737 828 Graecia
759 782 859 849 regna
874 759 951 828 talia
972 759 1067 827 fuisse
1092 767 1126 827 et
1151 759 1219 847 ipse
1235 769 1326 827 notat

57 875 186 927 tib-isle
223 869 257 929 et
281 860 489 952 Thucydides.
543 860 664 927 Contra
687 862 862 926 Romanum
885 859 1059 947 imperium,
1085 859 1181 925 etiam
1203 860 1326 927 sublata

223 960 307 1028 omui
322 969 449 1028 senatus
466 967 500 1027 et
515 959 622 1049 populi
636 966 801 1048 potestate,
825 980 882 1046 per
898 958 1079 1026 electionem
1096 957 1324 1028 conferebatur.

298 1061 357 1126 XI.
399 1059 419 1124 1
453 1059 564 1126 Altera
579 1058 680 1125 cautio
701 1059 769 1125 haec
785 1067 862 1125 esto.
913 1058 1029 1125 ‘Aliud
1046 1080 1113 1124 esse
1133 1058 1173 1124 de
1189 1080 1225 1124 re
1241 1080 1326 1146 quse-

222 1180 305 1238 rere,
328 1158 414 1226 aliud
430 1158 470 1226 de
493 1159 585 1226 modo
600 1158 746 1237 habendi,
772 1158 856 1245 quod
877 1180 940 1224 non
964 1157 1230 1245 incorporalibus
1254 1167 1326 1225 tan-

223 1265 300 1337 tum,
326 1259 382 1326 sed
398 1258 478 1326 etin
494 1257 738 1347 incorporalibus
754 1257 904 1346 procedit
944 1258 991 1324 Ut
1007 1257 1089 1323 enim
1105 1278 1157 1323 res
1173 1265 1220 1324 est
1236 1279 1324 1346 ager,

222 1357 269 1426 ita
290 1367 324 1427 et
338 1359 409 1437 iter,
434 1367 531 1437 actus,
554 1357 614 1427 via.
661 1357 724 1425 Sed
743 1357 810 1423 haec
834 1356 887 1422 alii
911 1357 1029 1424 habent
1048 1356 1121 1444 jure
1137 1357 1228 1445 pleno
1253 1378 1325 1445 pro-

222 1457 374 1546 prietatis,
403 1457 457 1524 alii
477 1457 549 1545 jure
577 1456 815 1533 usufructuario,
844 1455 898 1522 alii
926 1455 1001 1543 jure
1033 1456 1242 1542 temporario:
1280 1457 1327 1524 ita

224 1579 377 1624 summum
401 1556 564 1644 imperium
589 1556 724 1622 dictator
752 1558 911 1622 Romanus
932 1555 1069 1622 habebat
1093 1548 1183 1643 hjure
1207 1564 1326 1643 tempo

224 1655 328 1723 rario:
358 1677 451 1745 reges
475 1654 643 1744 ‘plerique
669 1662 736 1722 tam
760 1654 815 1742 qui
840 1654 933 1743 primi
958 1653 1125 1744 eliguntur,
1152 1675 1248 1741 quam
1271 1656 1327 1742 qui

225 1755 331 1823 electis
349 1754 489 1845 legitimo
508 1755 617 1821 ordine
637 1755 812 1832 succedunt,
834 1754 908 1841 jure
927 1751 1173 1822 usufructuario:
1198 1762 1233 1821 at
1257 1755 1325 1841 qui·

225 1854 298 1921 dam
313 1876 406 1945 reges
421 1853 513 1943 pleno
525 1854 599 1942 jure
615 1853 825 1942 proprietatis,
842 1854 948 1942 utqui
960 1853 1045 1942 justo
1062 1853 1144 1920 bello
1160 1853 1325 1941 imperium

224 1954 444 2041 quaesiverunt,
462 1957 535 2022 ‘eut
549 1952 727 2041 inquorum
744 1953 896 2022 ditionem
913 1953 1046 2041 populus
1062 1953 1181 2040 aliquis,
1199 1953 1325 2042 majoris

224 2054 298 2121 mali
315 2054 434 2122 vitandi
449 2076 552 2134 eausa,
569 2053 615 2121 iu
630 2075 664 2122 se
680 2053 809 2134 dedidit,
826 2061 863 2121 ut
877 2052 956 2119 nihil
972 2053 1177 2140 exciperetur.

270 2205 413 2268 rrum
434 2206 460 2254 e
484 2206 579 2256 maen
597 2220 672 2268 rem
690 2206 753 2253 luca
800 2204 852 2253 nc.
865 2202 1140 2265 Conn.Aucor.1616).

218 2280 312 2343 fliam]
328 2282 445 2330 Notatum
460 2283 485 2329 td
500 2287 526 2331 et
545 2282 662 2343 Dionysio
683 2281 752 2328 Hali-
846 2280 944 2327 ‘Posui
954 2280 1069 2341 plerique,
1081 2294 1126 2340 pro
1138 2279 1244 2342 darique,
1261 2279 1326 2340 quod

226 2357 374 2404 marmensi
384 2356 458 2404 Libro
468 2371 497 2404 ιι.
508 2360 574 2418 (cap.
584 2356 721 2418 12),otLih.
729 2370 752 2404 w.
801 2359 826 2406 in
837 2356 948 2404 omnibus
962 2360 999 2402 est
1009 2354 1074 2402 lidd.
1092 2356 1142 2403 Res
1153 2357 1206 2418 ipsa
1218 2357 1327 2417 postulat

226 2432 291 2494 (cap.
302 2432 352 2493 74).
801 2433 863 2479 hunc
877 2432 1081 2489 emendationem
1096 2436 1120 2478 ot
1140 2432 1259 2492 oppositio
1280 2433 1327 2477 τοῦ

270 2517 283 2553 a
296 2508 374 2555 Aliud
380 2508 409 2556 dc
416 2523 442 2556 re
451 2523 560 2571 quarere,
569 2507 639 2555 uliud
647 2507 676 2555 dc
685 2507 752 2554 modo
802 2507 899 2570 puidam
908 2521 983 2568 reyes,
991 2507 1016 2552 in
1027 2506 1135 2566 sequenti
1150 2507 1265 2552 membro.
1287 2506 1327 2550 Sic

227 2579 340 2643 habendi]
351 2584 440 2631 Videat
446 2584 484 2630 cul
494 2588 563 2630 wucut
574 2583 687 2630 Carolum
698 2584 753 2629 uo·
802 2583 896 2628 Auctor
906 2581 975 2639 infru,
989 2579 1049 2640 514.
1072 2579 1214 2632 Pnnauour
1225 2579 1327 2639 imperia

226 2657 323 2704 linteum
348 2659 379 2704 ad
398 2659 582 2705 consuetudines
601 2658 753 2716 Parisienses,
802 2670 892 2703 summa
906 2670 952 2701 non
964 2654 1034 2715 plene
1048 2646 1185 2701 habeantur.
1208 2654 1243 2700 Et
1254 2653 1326 2700 alibi:

227 2732 276 2779 Tit
288 2745 305 2777 ι.
317 2730 331 2792 5
342 2734 364 2788 2,
374 2732 409 2792 gl.
419 2735 442 2778 4.
456 2746 523 2778 num.
532 2732 561 2780 16
575 2736 601 2778 et
611 2732 649 2779 17.
801 2731 886 2791 Reges,
896 2729 1045 2790 qualanuac
1054 2733 1108 2776 cunt
1117 2729 1262 2788 Pnuaronn,
1273 2743 1327 2789 rey-

272 2804 752 2866 tJuretemporart011mperutoriscc
802 2819 856 2850 aum
878 2804 987 2850 tabentes
1006 2818 1052 2849 nou
1070 2804 1096 2848 in
1112 2804 1266 2863 patrimonio,
1286 2803 1329 2849 aed

227 2885 324 2942 tempus
345 2882 404 2929 iacti
428 2882 565 2941 exemplum
590 2882 664 2927 habes
688 2881 753 2941 apud
802 2878 956 2936 conpuncta
966 2877 1090 2935 usufructu
1101 2882 1147 2924 etc.
1161 2879 1263 2924 Libum.
1274 2893 1327 2938 cap.

229 2955 363 3014 Gregoram
385 2952 454 3000 Libri
472 2966 507 3001 rw.
524 2953 602 3001 initio.
623 2953 697 3013 (Peg.
714 2953 752 3000 36.
801 2951 897 3012 20,§o.
927 2950 1328 3008 ninum,·oauctoreu1emen.

718 3079 933 3087 ———---.—.--

227 3165 349 3223 election
370 3166 404 3223 of
417 3166 467 3223 the
486 3165 585 3240 family
606 3167 630 3222 is
648 3167 799 3223 continued
812 3167 851 3241 by
865 3167 1036 3223 successiou:
1056 3165 1196 3222 whatewor
1210 3175 1329 3224 nmount

229 3253 263 3310 oi
271 3253 347 3326 right
360 3253 410 3310 the
421 3253 482 3310 first
496 3253 616 3310 election
625 3253 710 3326 gives,
723 3253 773 3310 the
787 3255 944 3310 succession
956 3255 1099 3312 transmits
1111 3251 1161 3308 the
1170 3270 1255 3309 same.
1289 3256 1328 3310 So

228 3340 278 3396 the
289 3340 522 3397 Lacedaemoniun
535 3341 625 3412 iringo,
639 3340 747 3413 though
756 3346 807 3397 not
821 3340 957 3406 absolute,
972 3357 1045 3396 were
1059 3340 1228 3412 hereditary.
1266 3341 1328 3396 Tho

229 3426 390 3483 distinction
404 3428 428 3482 is
442 3427 529 3482 noted
547 3427 585 3500 by
600 3427 734 3484 Aristotle
745 3427 801 3482 and
816 3426 1002 3500 Thucydides.
1028 3428 1073 3484 On
1085 3426 1134 3482 the
1149 3426 1231 3482 other
1241 3426 1327 3492 hand,

230 3511 280 3567 the
294 3514 406 3567 Roman
421 3515 527 3586 empiro
541 3531 597 3568 was
611 3514 747 3579 absolute,
762 3520 810 3585 yet
824 3513 949 3569 elective.

281 3597 336 3654 XI.
375 3603 389 3651 1
417 3599 564 3654 Asecond
579 3603 691 3655 cantion
708 3601 732 3655 is
748 3600 812 3655 this.
857 3600 911 3654 We
925 3606 1000 3656 must
1017 3598 1183 3671 distinguiah
1199 3598 1328 3654 between

228 3682 333 3738 whnta
347 3682 428 3755 thing
442 3685 473 3748 is,
487 3684 544 3738 ond
555 3685 630 3740 what
644 3686 667 3741 is
682 3685 731 3742 the
745 3685 814 3741 kind
828 3685 862 3741 of
872 3687 1028 3758 possession
1043 3685 1077 3740 of
1087 3687 1118 3741 it.
1156 3685 1182 3739 A
1197 3684 1278 3756 thing
1295 3686 1327 3749 is,

229 3769 275 3824 ior
296 3770 433 3840 example,
447 3787 465 3824 a
482 3771 561 3842 piece
580 3770 614 3825 of
627 3772 710 3837 land;
732 3773 799 3837 also,
821 3772 851 3826 in
872 3770 927 3826 this
942 3789 1031 3837 sense,
1053 3788 1071 3826 a
1088 3772 1166 3836 read,
1183 3789 1220 3826 an
1237 3777 1292 3836 act,
1310 3788 1328 3825 a

230 3854 306 3927 right
320 3854 354 3909 of
364 3872 430 3927 way.
452 3856 524 3911 Now
535 3856 604 3911 such
616 3875 633 3911 a
645 3857 726 3929 thing
737 3858 844 3930 maybe
855 3856 922 3912 held
929 3858 1009 3928 pleno
1018 3859 1090 3930 jure,
1102 3858 1132 3912 iu
1144 3858 1196 3912 full
1210 3857 1286 3928 right
1298 3856 1332 3912 of

229 3946 382 4014 property;
400 3957 433 3996 or
441 3942 505 4013 jure
516 3944 728 4016 usufructuario,
742 3961 773 3997 as
787 3948 886 3999 tenant
900 3942 946 3998 for
958 3943 1008 3997 liic
1016 3963 1024 4007 ;
1042 3959 1075 3996 or
1082 3945 1147 4015 jure
1157 3944 1327 4015 temporario,

229 4044 261 4082 as
279 4032 378 4082 tenant
399 4025 446 4081 for
462 4044 480 4081 a
494 4028 562 4083 timo
581 4029 655 4101 only.
701 4028 778 4083 Thus
796 4029 845 4083 tho
865 4029 976 4083 Romen
990 4029 1120 4083 Dictator
1134 4029 1201 4083 held
1219 4028 1263 4082 his
1278 4046 1328 4083 au-

230 4112 338 4186 thority
351 4128 382 4168 es
396 4118 558 4184 temporary
569 4119 683 4179 tenaut;
698 4120 771 4170 most
782 4115 871 4185 hingo,
885 4113 955 4169 both
970 4114 1079 4169 elected
1091 4114 1147 4168 end
1159 4113 1328 4186 hereditary‚

230 4199 270 4272 hy
280 4197 479 4272 usufructuary
492 4197 583 4270 right3
601 4199 653 4255 but
666 4216 744 4256 some
763 4201 853 4272 kings,
873 4199 903 4253 in
917 4199 971 4254 full
986 4199 1061 4271 right
1076 4198 1109 4254 oi
1123 4205 1274 4272 property3
1296 4217 1327 4255 as

231 4285 313 4341 those
334 4284 396 4341 who
412 4285 483 4340 hare
494 4285 627 4355 acquired
639 4284 713 4340 their
727 4299 821 4358 power
832 4287 862 4339 in
874 4303 892 4340 a
904 4284 1060 4356 legitimate
1074 4301 1139 4349 war,
1149 4301 1181 4340 or
1193 4286 1222 4339 in
1235 4286 1328 4340 whose

231 4388 326 4446 power
339 4387 395 4447 any
402 4371 504 4446 peoplc
515 4369 566 4427 hes
579 4378 633 4446 put
645 4370 724 4427 itscli
735 4371 900 4445 absolutely,
914 4370 959 4427 ior
972 4388 1050 4428 some
1060 4371 1198 4428 sufficient
1212 4372 1325 4427 motivo.
