2866 4906
247 178 313 248 356
495 191 548 246 nn
570 190 845 256 acomsmronn
867 188 1115 256 anawanum,
1224 189 1299 259 [nm
1313 190 1354 248 11.

247 361 343 441 atque
369 352 619 421 honestissimum
649 361 705 419 est.
757 353 797 418 Ia
822 354 882 419 hoc
908 361 1013 419 autem
1036 374 1153 442 genere
1178 352 1281 440 prima
1307 361 1359 420 est

248 477 341 520 caum
357 454 424 542 ejus
440 452 524 541 quod
541 452 682 530 debetur,
701 452 844 540 proxima
863 453 931 541 ejus
947 453 1031 539 quod
1051 452 1110 519 etsi
1126 474 1190 519 non
1209 453 1357 532 debetur,

248 553 346 620 officio
361 555 512 642 congruit

83 669 229 711 emerso-
326 654 383 720 IV.
435 656 454 718 l
490 650 899 743 DisputaatJuriscoasulti,
916 673 958 718 an
972 651 1121 718 alimenta
1136 673 1157 717 a
1173 652 1360 738 parentibus

80 718 216 849 ffilff
249 752 356 818 liberis
373 752 574 821 debeantur?
624 752 706 817 Nem
722 751 847 839 quidam
867 752 1006 818 sentiunt
1029 773 1097 817 esse
1114 751 1240 838 quidem
1264 761 1360 819 natu·

84 854 222 985 ff&
250 851 309 918 rali
325 852 439 919 rationi
455 854 532 921 satis
548 860 795 928 consentaneum,
818 859 855 916 ut
870 873 890 915 a
907 850 1087 935 parentibus
1109 851 1235 917 alantur
1251 851 1358 929 liberi,

137 955 158 984 n.

85 990 135 1031 m,
146 990 205 1031 pm,
215 994 239 1030 „,
251 951 390 1017 debitum
406 961 513 1020 umen
529 976 592 1019 non
608 973 685 1017 esse.
726 951 758 1014 N
759 972 793 1015 os
809 950 934 1014 omnino
951 950 1203 1039 distinguendum
1219 951 1361 1017 arbitra-

84 1036 233 1131 }Jlm’*
252 1072 323 1117 mur
338 1051 388 1116 ⁴iu
404 1074 480 1119 voce
496 1053 604 1128 debiti,
622 1050 706 1137 quod
722 1049 829 1116 stricte
845 1048 1003 1114 interdum
1021 1050 1153 1116 sumitur
1170 1071 1227 1136 pro
1244 1073 1284 1116 ea
1298 1051 1360 1117 ob-

251 1149 409 1239 ligatione,
432 1175 526 1240 quam
547 1151 665 1217 inducit
682 1149 736 1234 jus
758 1148 982 1235 expletorium3
1004 1148 1161 1215 interdum
1179 1149 1293 1227 laxius,
1321 1159 1362 1216 ut

250 1249 403 1339 significet
417 1251 449 1317 id
467 1251 550 1338 quod
567 1251 626 1316 nisi
647 1249 811 1314 inhoneste
828 1246 928 1313 omitti
944 1269 1008 1313 non
1029 1257 1141 1334 potest,
1160 1248 1283 1314 etiamsi
1300 1250 1360 1315 ho·

251 1358 357 1416 nestas
377 1349 431 1416 illa
445 1373 508 1417 non
527 1372 570 1417 ex
590 1348 713 1437 justitia
737 1346 916 1435 expletrice,
941 1347 997 1413 ced
1013 1368 1056 1413 ex
1077 1346 1241 1414 eliciente
1262 1350 1360 1436 profi·

251 1447 394 1515 ciscatur.
428 1452 487 1516 Est
503 1448 653 1516 autemid
670 1447 710 1512 de
727 1468 788 1534 quo
802 1446 925 1535 agimus
942 1446 1013 1529 (nisi
1028 1446 1081 1512 lex
1097 1447 1202 1534 aliqua
1218 1448 1360 1515 humana

251 1549 393 1633 accedat)
417 1550 557 1616 debitum
578 1548 631 1614 illo
656 1568 748 1612 sensu
771 1546 899 1611 laxiore.
952 1547 1004 1612 Ita
1027 1547 1143 1633 accipio
1167 1547 1254 1633 quod
1276 1547 1361 1614 dixit

252 1647 398 1713 Valerius
423 1648 598 1714 Maximus:
625 1650 782 1712 Parentes
802 1669 861 1712 noe
885 1645 1011 1722 alendo,
1032 1643 1183 1731 inquiens,
1205 1660 1360 1732 amotum

143 1798 149 1811 .
252 1749 500 1813 nutriendorum
515 1749 622 1813 debito
638 1747 830 1830 alligarunt.
864 1745 907 1809 Et
923 1745 1110 1810 Plutarchus
1124 1744 1157 1809 in
1172 1744 1277 1811 libello
1295 1746 1361 1813 ele·

253 1845 433 1933 gantissimo
450 1845 490 1912 de
507 1845 603 1933 prolis
620 1866 745 1911 amore:
772 1843 802 1912 oi
819 1837 930 1916 παῖδες
948 1839 991 1913 cie
1006 1839 1177 1937 ὀφείλημα
1195 1843 1260 1914 τόν
1276 1844 1360 1927 κλῆ-

251 1973 310 2035 ρον
325 1937 543 2038 ἐκδεχόμενοι·
569 1945 684 2011 ‘tiberi
699 1946 911 2010 hereditatem
929 1956 965 2008 ut
981 1945 1048 2009 eibi
1067 1946 1208 2009 debitam
1227 1966 1360 2031 eeepec-

252 2055 335 2110 taut.
378 2044 461 2122 Quia
477 2045 533 2111 dat
549 2044 689 2121 formam,
707 2044 763 2109 dat
779 2063 850 2129 quae
872 2042 914 2108 ad
931 2042 1063 2107 formam
1079 2050 1152 2108 sunt
1168 2045 1358 2122 necessaria,

159 2134 162 2139 ⁴
249 2142 367 2210 dietum
382 2152 431 2210 est
446 2143 643 2211 Aristotelis:
669 2164 767 2230 quare
782 2140 836 2229 qui
852 2162 945 2207 cause
961 2151 1009 2207 est
1026 2150 1062 2207 ut
1076 2142 1168 2207 homo
1186 2142 1313 2222 existat,
1328 2144 1360 2210 is

250 2251 400 2330 quantum
416 2243 450 2309 in
466 2265 500 2309 se
516 2252 573 2321 est,
592 2249 625 2309 et
641 2250 791 2328 quantum
805 2262 930 2307 necesse
945 2250 1003 2319 est,
1021 2241 1198 2328 prospicere
1213 2242 1244 2308 ei
1260 2242 1361 2310 debet

250 2343 291 2409 de
307 2341 356 2408 hie
370 2364 441 2429 quae
456 2343 498 2409 ad
516 2343 612 2409 vitam
628 2343 805 2418 humanam,
822 2338 855 2406 id
877 2348 934 2418 est,
951 2341 1125 2407 naturalem
1146 2362 1184 2407 ac
1199 2341 1360 2420 socialem,

250 2463 323 2509 nem
339 2442 381 2508 ad
395 2463 464 2507 eam
477 2450 569 2508 natus
586 2449 635 2508 est
650 2441 753 2516 homo,
770 2447 844 2506 sunt
859 2439 1042 2506 necessaria.

293 2600 778 2664 *Distinguendumpotlusintertempna
827 2599 971 2661 exspectant]
996 2600 1107 2649 Julianus
1128 2601 1263 2649 Cesaribus
1280 2603 1363 2650 παισί

250 2689 299 2737 quo
304 2676 372 2724 liberi
383 2691 431 2724 non
442 2683 543 2738 possum
553 2678 653 2738 sibiipsi
664 2679 779 2725 alimenta
827 2694 858 2723 τε
869 2675 918 2736 γὰμ
932 2676 1034 2736 νόμιμον
1050 2676 1197 2735 ἐπιτρέπειν
1212 2676 1261 2724 ‘eds
1276 2679 1362 2725 dende·

249 2765 365 2812 quaerere,
384 2757 410 2799 et
434 2758 537 2813 tempus,
557 2767 605 2813 quo
624 2754 650 2799 id
670 2756 777 2813 possum.
827 2749 888 2811 χᾶς·
905 2750 1019 2811 AEquum,
1029 2752 1111 2798 liberis
1121 2752 1273 2798 hneditatem
1283 2752 1360 2799 relin-

249 2827 327 2873 Priori
337 2833 453 2887 tempore,
464 2829 561 2875 omnino
571 2835 597 2875 et
607 2844 637 2875 ex
644 2830 699 2889 jure
708 2829 777 2875 strio·
827 2825 876 2883 qui.
888 2825 958 2884 (pag.
966 2827 1010 2871 334
1017 2825 1117 2872 mEdt't.
1125 2826 1265 2886 Spondere)
1276 2828 1359 2874 Etiam

249 2905 276 2947 to
286 2902 491 2960 parenteeliberos
502 2902 566 2948 alere
575 2906 704 2947 tenentur:
720 2914 776 2959 pos·
827 2897 928 2955 filiabus,
938 2913 998 2958 quas
1000 2900 1071 2960 Juxta
1080 2900 1142 2946 filios
1152 2901 1252 2949 heredes
1268 2916 1360 2962 parcn-

247 2975 340 3031 teriori,
356 2988 404 3020 aon
421 2975 457 3020 ita
474 2980 579 3031 tenetur,
595 2975 637 3020 aed
652 2988 722 3021 nemo
740 2978 778 3022 est
827 2977 879 3018 tum
896 2973 970 3019 tuisse
989 2988 1056 3020 more
1071 2975 1237 3034 antiquissimo
1251 2980 1361 3024 testetur

248 3053 338 3105 umen,
352 3049 391 3094 cui
407 3050 486 3108 potins
502 3049 533 3095 de
549 3049 669 3095 alimentis
683 3049 777 3108 prospl·
826 3044 886 3092 Jobi
896 3047 995 3093 historia
1008 3048 1034 3093 in
1048 3047 1104 3095 fine.
1131 3050 1202 3095 Hanc
1216 3051 1359 3110 aequitatem

248 3123 611 3181 oere,ethonaeuaetiam,vel
626 3123 710 3169 saltem
727 3137 780 3168 mn·
827 3122 955 3181 respiciens
975 3123 1134 3182 Augustinus,
1153 3139 1185 3171 ne
1204 3127 1236 3172 ab
1256 3127 1361 3174 ecclesia

246 3197 323 3257 jerem
339 3203 440 3259 partem,
450 3197 587 3259 relinquere
597 3212 638 3245 eos
648 3198 776 3244 honestum
827 3197 923 3256 quidem
930 3197 1005 3256 recipi
1014 3198 1067 3243 vult
1077 3198 1140 3244 bona
1149 3212 1240 3257 eornm,
1248 3202 1358 3261 quihhe-

250 3274 289 3323 sit.
317 3274 346 3321 J.
357 3274 392 3321 B.
826 3271 1123 3321 roesuosexheredabunt.
1146 3274 1213 3320 Loca
1225 3277 1357 3323 suntlibro

293 3356 304 3382 ⁶
319 3348 403 3397 hiberi
411 3348 563 3397 hereditatem
573 3352 599 3395 ut
613 3347 660 3394 eibi
675 3346 777 3394 debitam
828 3359 845 3392 1.
856 3346 885 3394 de
906 3346 958 3393 Vita
977 3345 1130 3406 clericorum,
1143 3349 1208 3410 (cap.
1218 3350 1249 3410 3)
1264 3356 1292 3398 et
1305 3365 1358 3399 ser.

248 3567 391 3639 equitable
406 3566 462 3622 and
476 3584 587 3640 proper.
624 3567 689 3621 And
706 3567 736 3621 in
751 3565 807 3622 thie
826 3582 898 3632 caso,
916 3567 966 3623 the
980 3568 1042 3623 first
1053 3566 1136 3622 claim
1151 3567 1174 3622 is
1188 3565 1252 3624 thet
1265 3568 1357 3625 which

248 3654 272 3708 ie
287 3653 395 3724 strictly
407 3653 478 3717 due3
496 3653 546 3708 the
564 3660 632 3709 next
646 3653 710 3708 that
723 3651 823 3718 which,
842 3652 950 3724 though
965 3660 1017 3708 not
1031 3653 1140 3725 strictly
1159 3654 1225 3719 due,
1243 3655 1268 3709 ie
1287 3671 1357 3710 con·

248 3737 388 3793 formablc
402 3742 432 3791 to
447 3739 525 3810 duty.

301 3823 344 3876 1v
346 3864 352 3878 .
392 3828 406 3876 1
436 3824 539 3879 Jurists
557 3824 670 3896 disputa
684 3824 811 3881 whether
827 3824 954 3881 children
968 3826 1042 3880 have
1057 3843 1075 3881 a
1089 3825 1166 3897 right
1184 3831 1214 3880 to
1236 3824 1357 3882 aliment

248 3908 324 3964 from
344 3908 419 3963 their
440 3916 562 3980 parente.
611 3912 668 3966 For
696 3928 844 3967 comeare
868 3912 901 3965 of
928 3913 1043 3984 opinion
1064 3913 1127 3967 thot
1156 3912 1224 3966 itis
1251 3912 1359 3967 indeed

248 3993 397 4067 agreeable
422 3999 453 4049 to
475 3996 586 4049 natural
608 4014 708 4052 reason
731 3997 794 4051 that
817 3998 943 4052 children
963 3998 1065 4052 should
1081 3999 1118 4052 bo
1140 3997 1295 4069 supported
1316 3999 1359 4070 by

249 4081 324 4136 their
341 4087 464 4152 parents,
482 4081 536 4135 but
555 4081 619 4135 that
638 4084 661 4136 it
680 4083 704 4137 is
723 4090 774 4137 not
793 4101 811 4136 a
831 4084 899 4138 dobt
922 4101 954 4138 or
974 4085 1039 4138 due.
1082 4085 1135 4138 We
1153 4086 1236 4138 melre
1259 4100 1277 4138 a
1298 4085 1358 4140 dis·

248 4168 368 4222 tinction
382 4184 412 4221 as
427 4173 456 4221 to
471 4166 521 4222 the
536 4167 611 4220 word
627 4169 683 4222 <teht
696 4185 728 4222 or
740 4170 807 4230 dete,-
824 4168 914 4224 which
927 4171 1036 4241 strictly
1048 4171 1143 4234 taken,
1156 4170 1180 4224 is
1192 4171 1359 4226 sometimes

247 4254 333 4308 talen
347 4254 393 4308 for
407 4253 456 4308 the
471 4252 626 4323 obligation
644 4253 809 4309 introduced
824 4255 862 4326 by
876 4256 1022 4327 expletory
1033 4259 1081 4328 jus
1089 4277 1100 4318 ,·
1119 4256 1171 4311 but
1184 4257 1359 4322 sometimes,

248 4355 329 4395 more
344 4339 427 4413 laxly,
442 4340 505 4394 that
523 4338 613 4393 which
631 4346 735 4395 cannot
752 4341 789 4396 be
807 4340 938 4414 decently
955 4343 1082 4410 omitted,
1097 4341 1206 4414 though
1225 4341 1290 4397 that
1302 4343 1358 4399 de·
