2866 4906
221 198 284 264 174
532 207 584 261 DE
607 206 731 262 BELLO
755 205 1009 263 SUBDITORUM
1208 202 1282 273 [Lm.
1296 205 1320 261 1.

220 370 483 457 frequentaverat,
509 370 584 456 quid
606 370 650 436 ibi
675 369 839 446 didicisset,
862 377 993 457 rogatus
1016 366 1186 454 respondit,
1210 363 1320 459 ὀργῆν

55 497 168 538 naxus
221 467 348 562 πατρὸς
365 466 491 565 φέρειν,
508 473 598 535 iram
609 473 832 555 patrissare.
885 467 937 533 De
954 466 1140 554 Lysimacho
1152 468 1317 535 Justinus:

222 567 347 654 Moeno
366 572 477 636 animo
497 572 593 655 repis,
619 571 705 634 velut
718 569 880 654 pareretis,
907 568 1133 633 contumeliam
1149 568 1234 632 tulit.
1274 568 1319 632 Et

54 688 208 735 nauvinse
221 669 305 756 apud
323 668 445 734 Livium
467 677 533 734 est:
565 670 609 734 Ut
619 680 796 753 pareutum
812 669 982 743 soeritiam,
1008 669 1056 731 sia
1068 668 1204 751 patria,
1224 668 1318 753 pati-

55 793 206 836 rmrauu.
220 771 300 834 cado
324 791 366 834 aa
377 771 518 854 serenda
543 769 724 833 leniendam
745 789 820 834 esse.
867 765 959 851 Apud
980 764 1141 830 Tacitum:
1166 768 1318 831 Fereada

56 899 175 941 narrar.
219 870 499 953 repuminycnia:
521 875 554 933 et
568 865 662 932 alibi:
682 868 778 932 bonos
793 867 1010 951 Imperatores
1031 876 1103 929 roto
1119 859 1317 949 cipetondos,

219 968 465 1052 quatacumque
490 967 681 1032 tolerandos.
725 964 819 1051 Apud
835 966 958 1043 Persas,
984 963 1131 1029 laudante
1146 963 1318 1029 Claudiano

217 1064 280 1153 [Ia
295 1067 437 1151 Eutrop.
455 1064 507 1131 lib.
524 1085 558 1130 rr.
576 1087 656 1131 vers
673 1063 779 1154 479]:

649 1183 781 1247 Quamvis
796 1181 954 1238 crudelibus
968 1196 1049 1253 oeqno

478 1270 600 1325 Paretur
613 1269 743 1325 dominis.

285 1371 326 1436 V.
368 1371 387 1435 1
421 1367 489 1433 Noc
507 1369 549 1434 ab
569 1368 628 1434 hac
650 1368 721 1456 lege
742 1365 868 1432 Domini
888 1364 1018 1433 discedit
1034 1358 1245 1432 l‘consuetudo
1262 1387 1317 1432 ve-

217 1476 319 1534 terum
336 1466 593 1543 Christianorum,
612 1467 729 1553 optima
745 1466 823 1554 legis
839 1465 1003 1552 interpres.
1044 1467 1126 1531 Nam
1139 1485 1316 1552 quanquam

217 1567 341 1654 pessimi
363 1587 447 1653 saepe
465 1564 603 1631 homines
619 1564 783 1652 imparium
801 1565 977 1629 Romanum
993 1571 1170 1642 tenuerunt,
1187 1585 1245 1630 nco
1261 1565 1316 1630 de·

217 1666 354 1743 fuerunt,
377 1663 430 1751 qui
446 1664 576 1729 obtentu
595 1663 782 1750 adjurandae
799 1663 977 1751 reipublicae
999 1663 1088 1729 iisse
1111 1671 1314 1750 opponerent,

218 1786 376 1850 nunquam
400 1772 503 1828 tamen
529 1783 636 1828 eorum
661 1762 822 1828 conatibus
845 1784 879 1828 se
903 1761 1113 1849 adjunxerunt
1135 1762 1313 1828 Christiani.

218 1864 258 1928 In
272 1861 441 1928 Clementis
457 1861 724 1927 constitutionibus
740 1870 799 1939 est,
814 1860 978 1950 βασιλείᾳ
995 1860 1032 1930 οὐ
1050 1858 1186 1939 θεμιτόν
1202 1857 1314 1930 ἐπανί-

95 2021 100 2032 .
133 2019 139 2031 .
218 1963 377 2040 croadas,
394 1963 493 2047 repioe
504 1963 662 2047 potestati
675 1964 821 2028 resistere
837 1963 939 2046 nefas.
978 1961 1186 2027 Tertullianus
1200 1961 1314 2047 Apolo-

217 2061 337 2149 getico:
367 2064 460 2128 uase
485 2063 602 2138 Cassii,
628 2073 659 2127 et
682 2062 796 2145 Nipri,
820 2074 850 2127 et
875 2061 1019 2126 Albini?
1043 2063 1205 2146 undequi
1228 2063 1316 2125 irater

216 2164 302 2227 duas
321 2164 433 2228 lauros
449 2163 594 2226 obsident
617 2161 778 2226 Caesarem
791 2161 811 2226 ,⁹
833 2163 918 2227 uude
940 2163 998 2246 qui
1010 2163 1164 2245 faucibus
1180 2159 1247 2244 ejus
1262 2182 1314 2225 aa·

209 2264 393 2347 primendis
401 2262 628 2348 palestrinum
641 2273 784 2326 eouoeut
794 2262 812 2326 Ρ
831 2264 916 2326 uasta
932 2263 991 2346 qui
1006 2262 1132 2325 armati
1141 2261 1314 2345 palatium

215 2363 414 2447 irrumpunt,
440 2361 587 2426 omuibus
620 2372 665 2424 tot
681 2353 835 2444 ¹Si9eriis
862 2359 918 2443 (sio
941 2359 1056 2425 diserte
1082 2359 1179 2424 habet
1206 2380 1314 2423 manu·

216 2460 360 2547 scriptus,
386 2459 440 2546 qui
452 2468 500 2525 est
516 2458 600 2545 apud
617 2457 701 2523 omni
717 2458 810 2524 laude
831 2458 1041 2524 ornatissimos
1053 2457 1184 2544 juvenes
1200 2459 1314 2523 Putea·

214 2563 283 2643 nos)
305 2581 346 2624 ac
362 2561 553 2623 Partheniis
569 2559 789 2623 audaciores?
837 2560 891 2623 De
908 2559 1075 2633 Romanis,
1093 2559 1258 2642 nifallor,
1276 2559 1315 2621 id

215 2670 270 2732 est,
292 2661 332 2722 dc
356 2680 420 2722 noa
445 2657 652 2722 Christianis.
706 2653 758 2719 De
773 2655 958 2741 palaestrica,
982 2657 1065 2742 quod
1086 2656 1140 2732 ait,
1164 2657 1206 2721 ad
1224 2656 1315 2721 Com-⁸

214 2757 297 2821 modi
326 2763 457 2820 mortem
486 2752 631 2841 pertinet,
665 2762 824 2839 peractam
847 2753 976 2840 imperio
1002 2755 1141 2841 praefecti
1167 2755 1315 2841 praetorio

258 2927 270 2961 ¹¹
296 2926 442 2974 Consuetudo
461 2929 562 2972 secema
589 2924 739 2971 Christiano·
789 2929 857 2987 αὐτῷ
870 2928 911 2974 real
927 2928 1143 2975 συνεσκευάσαντο
1158 2928 1205 2984 τὴν
1218 2932 1315 2990 πρᾶξιν
1372 2933 1377 2947 “

214 2999 279 3060 mm]
302 3001 343 3047 Ad
359 3013 429 3059 quum
448 2999 554 3058 pertinet
568 3012 644 3044 canon
659 3011 737 3044 xvut.
789 3000 924 3058 Παρθένιος
939 3001 952 3047 ὁ
967 3003 1102 3061 πρόκοιτος
1117 3005 1194 3048 αὑτοῦ
1210 3005 1251 3048 καὶ
1271 3008 1315 3049 Σι-

214 3075 308 3122 aoncilii
316 3074 508 3130 Calcedonensis,
517 3073 635 3133 repetitus
647 3087 739 3120 canone
788 3075 874 3134 ydaros
894 3074 970 3133 (malo
995 3076 1114 3136 Σίγηρος)
1140 3077 1167 3121 ἐν
1191 3078 1226 3135 τῇ
1249 3093 1314 3133 προ·

214 3147 649 3198 rv.aoneiliiin'rru110:conei1ium
665 3147 739 3193 Tolo·
788 3150 872 3210 κοιτίᾳ
894 3150 936 3196 καὶ
956 3151 1032 3197 atrio
1046 3150 1086 3197 ὤν.
1114 3151 1221 3196 Iruidias
1235 3156 1314 3196 autem

214 3231 297 3273 tanum
312 3229 437 3285 quartum:
458 3222 588 3281 capitulum
609 3234 638 3267 ιι.
657 3221 738 3267 Caroli
787 3224 809 3269 et
820 3226 986 3273 communicato
996 3227 1090 3272 interae
1099 3226 1198 3272 corratio
1207 3230 1314 3273 suasere

215 3300 388 3349 Calriinvilln
403 3299 513 3346 Colonia.
544 3297 652 3357 Synodm
667 3297 739 3343 Suos·
788 3301 939 3359 Parthenius,
949 3304 1092 3363 praeposirm
1105 3303 1313 3358 muscularum,

214 3377 329 3424 sionensis
340 3389 430 3422 canons
440 3388 465 3422 v.
787 3377 1019 3438 etSr'aera'usetipss
1033 3394 1046 3425 e
1061 3378 1221 3426 cubiculariis.
1247 3379 1314 3425 Mar·

259 3449 395 3512 ¹Stqeriis]
420 3449 560 3511 xiphilinus
583 3447 738 3494 Domitiano:
788 3452 852 3499 tiulis
861 3453 968 3500 librorv.
987 3453 1137 3513 (Epiattilz

214 3541 271 3588 psg.
290 3529 334 3574 237
350 3540 377 3572 Β.
397 3525 448 3572 Ed.
474 3522 554 3583 soeph.
575 3521 695 3569 tritam
714 3522 740 3568 δὲ
826 3533 949 3582 filgerlosqua
957 3544 1028 3581 maros,
1037 3534 1196 3582 Partheniosque
1203 3545 1267 3574 sonas

214 3730 272 3799 also
287 3741 350 3796 that
362 3740 411 3796 the
425 3742 580 3812 subjection
591 3741 721 3813 required
739 3743 773 3796 of
784 3758 816 3796 us
828 3740 953 3797 includes
967 3740 1127 3796 enduranco
1138 3739 1172 3793 of
1183 3738 1246 3793 evil.
1271 3739 1313 3794 So

213 3829 247 3891 oi
258 3833 371 3900 parents
386 3828 417 3880 in
432 3828 549 3883 Publius
565 3829 660 3900 Syrus,
671 3827 762 3893 Elian,
776 3828 878 3893 Justin,
889 3828 973 3899 Livy:
994 3825 1027 3880 oi
1035 3826 1126 3896 linge,
1140 3825 1171 3879 in
1188 3825 1311 3890 Tacitus,

213 3915 360 3971 Claudiam.
396 3910 487 3980 [Sea]

270 4000 306 4054 V.
343 4005 356 4052 1
382 3998 443 4053 Tho
455 4005 563 4053 custom
575 3999 668 4054 ottho
682 4000 760 4071 early
776 3999 938 4064 Christiane,
947 3997 997 4053 tho
1008 3999 1070 4053 best
1084 3998 1264 4068 interpretans
1280 3997 1317 4052 of

212 4086 262 4143 tho
276 4086 329 4140 law
340 4084 374 4140 oi
386 4101 437 4139 our
446 4085 530 4149 Lord,
545 4085 592 4138 did
605 4091 656 4139 not
670 4085 779 4140 deviato
791 4085 865 4140 from
879 4085 935 4140 this
947 4085 1016 4139 rnle.
1050 4084 1108 4137 For
1117 4082 1225 4153 though
1240 4098 1310 4153 very

213 4172 320 4228 wicked
328 4188 394 4226 men
404 4170 471 4226 held
487 4169 536 4224 the
549 4171 660 4224 ltoman
671 4172 786 4242 empire,
798 4170 854 4224 aud
869 4170 949 4225 thero
960 4186 1033 4224 uero
1045 4175 1096 4223 not
1108 4169 1231 4239 wanting
1244 4186 1311 4239 per·

213 4277 278 4315 sons
289 4259 351 4314 who
367 4256 491 4331 opposed
506 4254 583 4311 them
598 4272 635 4310 on
646 4262 779 4326 pretence
792 4255 825 4312 of
835 4256 969 4325 rolleving
983 4254 1032 4309 the
1047 4256 1136 4318 State,
1150 4253 1199 4308 the
1215 4253 1311 4309 Chris·

213 4347 286 4416 tians
299 4362 384 4402 never
392 4344 459 4401 took
467 4349 532 4419 part
546 4342 577 4395 in
585 4341 659 4396 their
666 4347 808 4414 attempta.
834 4341 897 4397 And
909 4357 940 4397 so
953 4339 1001 4395 the
1014 4340 1189 4395 Clementiae
1199 4340 1310 4397 Consti·
