2866 4906
453 258 643 316 EPISTOLA
664 258 717 313 An
739 256 957 314 LECTOREM.
1213 249 1287 314 xxix

129 426 303 495 introducti
319 425 415 492 moris
431 425 678 512 sepeliendorum
695 446 870 512 corporum,
893 423 961 490 Lib.
979 425 1022 490 ll.
1042 445 1110 511 cap.
1128 446 1200 490 x1x.
1222 432 1236 511 ξ
1255 429 1284 491 2.

130 548 217 593 num.
236 528 267 592 3.
290 525 389 591 locum
407 525 511 591 adfert
526 526 645 602 Pnaun,
671 525 724 610 qni
740 533 846 590 tamen
863 523 907 588 nil
923 524 1028 601 habet,
1052 525 1136 610 quod
1159 525 1200 590 ad
1218 547 1286 590 rom

131 626 237 692 saciat
290 625 410 690 Eodem
438 623 557 711 Capite,
588 627 651 711 53.
675 646 759 688 num.
785 626 816 700 2,
845 623 1038 709 sepulturam
1063 624 1172 689 deberi
1202 646 1286 689 mor·

131 726 203 804 tuis,
221 725 306 789 inter
327 723 398 804 alia,
421 724 572 810 probatur
588 745 627 788 ex
640 723 819 809 juramento
838 725 1024 788 Groeconnm
1040 723 1190 788 adversus
1208 727 1286 790 Per-

132 847 188 891 aoa
202 823 411 899 militantium,
428 822 481 888 ubi
497 832 602 887 minen
617 822 657 888 de
674 821 762 887 sociis
776 821 848 886 solis
864 821 980 909 agitur,
1006 830 1042 886 ut
1057 830 1146 908 patet
1162 845 1203 887 ex
1219 823 1285 889 loco

132 926 284 989 Drouonr
303 923 424 998 Sicuti,
450 943 542 1008 quem
564 921 683 986 Auctor
707 930 814 987 noster
836 921 870 986 in
894 920 996 985 animo
1022 921 1142 998 habuit,
1168 931 1201 988 at
1226 945 1285 1011 ogo

133 1022 233 1088 adtuli
267 1022 301 1086 in
323 1030 398 1087 nota
426 1023 457 1085 8.
518 1019 612 1086 Unde
638 1021 732 1086 etiam
757 1020 930 1106 exemplum
957 1028 1066 1107 petere
1090 1030 1180 1107 potes
1202 1044 1286 1088 curas

133 1144 196 1187 non
218 1119 406 1208 paenitendas
428 1120 461 1184 iu
486 1129 554 1185 toto
575 1119 635 1184 isto
658 1120 763 1207 Opere
784 1119 898 1206 passim
926 1118 1084 1196 adhibitae,
1111 1129 1147 1185 nt
1171 1120 1287 1187 scilicet

133 1221 232 1286 multa
257 1241 298 1284 ex
323 1218 471 1284 Historiis
488 1227 521 1284 st
538 1219 742 1304 Antiquitate,
768 1218 834 1283 siue
856 1226 947 1294 teste,
971 1219 1036 1282 siue
1050 1228 1188 1296 auctore,
1214 1242 1287 1306 pro-

134 1321 208 1396 lata,
232 1318 358 1385 ubinam
373 1318 597 1405 reperirentur,
619 1318 798 1394 iudicarem,
823 1317 1073 1403 quotiescumque
1089 1340 1141 1383 res
1157 1318 1287 1405 alicujus

134 1430 205 1484 erat
226 1417 384 1494 momenti,
416 1439 474 1483 nec
497 1418 637 1483 omnibus
662 1417 761 1483 obvia.
814 1416 993 1502 Aliquando
1017 1417 1101 1482 facta
1130 1418 1181 1483 vel
1204 1419 1288 1484 dicta

135 1519 339 1593 diversorum,
370 1526 426 1582 aut
454 1517 586 1592 diversa,
615 1517 698 1582 inter
724 1539 757 1582 se
786 1516 1025 1582 confunduntur.
1079 1516 1130 1582 Sic
1157 1518 1224 1584 Lib.
1242 1519 1285 1585 Il.

135 1639 202 1705 cap.
219 1638 305 1683 xxu.
324 1625 338 1703 t
357 1619 387 1683 l.
404 1638 488 1682 num.
505 1619 535 1681 2.
553 1638 595 1681 ex
613 1616 710 1681 Lrvro
728 1615 850 1692 dicitur,
868 1617 1072 1693 Antiochum,
1089 1616 1167 1682 falso
1183 1618 1286 1704 aliquo

135 1725 304 1804 praetextu,
329 1717 363 1780 in
386 1719 550 1783 Romanor
573 1716 867 1802 balla'susocpiss03
893 1715 947 1780 ubi
972 1724 1077 1781 umen
1101 1717 1142 1782 de
1164 1720 1287 1784 Boeotia

135 1817 252 1904 agitur,
277 1837 341 1880 non
355 1815 395 1880 de
411 1815 464 1880 illo
480 1817 578 1903 Rege.
630 1817 786 1880 Braaidoe
808 1814 1043 1880 Lacedaemonio
1067 1815 1215 1882 tribuitur
1237 1839 1288 1883 ca-

136 1915 264 1992 villatio,
282 1936 353 2000 quaa
370 1914 524 1978 Praeconis
541 1922 597 1990 cst,
620 1915 661 1979 ab
678 1915 927 1980 Atheniensibus
943 1913 1035 1991 missi,
1062 1914 1130 1981 Lib.
1148 1915 1194 1983 ΙΙ.
1218 1937 1287 2002 cap.

138 2035 207 2081 xv1.
231 2016 293 2100 56.
347 2013 410 2078 Ubi
427 2013 563 2078 debello
591 2014 624 2080 C.
640 2015 708 2078 Jat.
732 2014 882 2089 Goeacria,
903 2034 971 2078 oum
993 2016 1170 2081 Germanis
1185 2037 1287 2080 sermo

136 2113 182 2187 lit,
204 2113 272 2178 Lib.
291 2112 319 2176 Ι.
344 2134 413 2198 cap.
429 2133 476 2177 111.
501 2116 563 2197 55.
587 2134 670 2177 unm.
688 2115 720 2177 4.
745 2111 944 2177 confunditur
968 2113 1111 2199 proelium
1136 2114 1287 2179 adversus

143 2214 290 2298 Usa'paetea
314 2219 348 2277 ct
377 2214 568 2278 Tencbteroa
593 2211 795 2288 commissum,
821 2219 987 2296 antequam
1018 2213 1129 2279 Coeaor
1153 2213 1287 2300 primum

136 2320 231 2398 ponte
248 2313 398 2377 Rhenum
414 2311 580 2397 trajiceret,
598 2333 666 2376 cum
684 2310 823 2387 victoria,
835 2310 902 2375 fere
919 2310 1042 2375 biennio
1057 2322 1137 2397 post,
1151 2312 1191 2377 de
1210 2317 1288 2378 Tra·

135 2413 221 2476 ciria
242 2410 283 2475 ab
305 2408 373 2497 ipso
395 2409 514 2475 relata:
537 2410 687 2496 simulque
710 2430 828 2485 caussa,
852 2416 983 2495 proptor
1007 2431 1099 2494 quam
1129 2413 1288 2477 Uoeaarem

137 2509 209 2575 dedi
231 2511 408 2576 Germania
424 2517 586 2575 censuerat
608 2512 697 2584 Cato,
721 2507 920 2595 pervertitur.
972 2508 1209 2594 Nonnumquam
1226 2531 1289 2574 nna

136 2609 308 2695 eademqne
325 2630 377 2674 res
393 2608 449 2685 bis,
466 2617 624 2694 tamquam
640 2607 774 2684 diversa,
792 2614 949 2683 narratur,
971 2615 1007 2672 ut
1024 2605 1174 2693 judicium
1190 2609 1288 2674 Arri-

138 2710 197 2772 ani
222 2707 262 2773 de
287 2707 423 2773 vindicta
447 2708 633 2773 Alexandri
658 2705 691 2771 in
712 2710 847 2781 Persas,
877 2705 943 2772 Lib.
962 2707 1005 2772 ll.
1032 2727 1189 2793 cap.xx1.
1216 2715 1230 2794 t
1255 2711 1286 2774 8.

138 2828 223 2874 uum.
243 2809 275 2883 2,
302 2806 358 2872 ubi
383 2806 454 2873 vide
479 2815 583 2872 notam
602 2810 632 2872 9.
685 2805 785 2871 Immo
811 2814 860 2871 est
875 2804 927 2871 ubi
945 2806 1063 2872 Auctor
1088 2815 1194 2873 noster
1217 2830 1288 2873 cou-

137 2906 268 2971 trarium
287 2906 379 2992 plana
395 2906 512 2971 adserit
528 2905 606 2990 ejus,
627 2904 711 2991 quod
729 2904 840 2970 dicitur
857 2904 889 2968 in
905 2904 981 2981 loco,
1006 2905 1089 2970 unde
1111 2906 1214 2992 palam
1237 2907 1289 2972 vel

138 3004 232 3070 tacita
246 3004 353 3070 hausit
369 3004 411 3079 id,
427 3004 510 3090 qnod
522 3002 640 3069 statuit
693 3003 838 3089 Exempli
852 3003 966 3090 gratia,
992 3003 1061 3069 Lib.
1079 3005 1122 3069 Il.
1146 3027 1213 3092 cap.
1230 3025 1286 3070 vu.

139 3108 198 3189 μ.
216 3126 301 3169 uum.
312 3106 343 3168 3.
361 3103 437 3180 vult,
456 3104 602 3169 Solonem
618 3102 739 3191 legibus
755 3102 817 3168 suis
834 3101 960 3178 cavisse,
978 3124 1018 3167 ne
1034 3104 1186 3169 Parentes
1202 3113 1289 3170 tene-

138 3212 249 3268 rentur
265 3201 388 3268 Liberis
411 3202 603 3267 naturalibus
619 3201 737 3287 aliquid
758 3200 952 3287 relinquer03
979 3223 1073 3287 quum
1096 3210 1200 3267 manau
1226 3203 1289 3268 Le-

139 3301 270 3387 gislator
292 3301 345 3365 ille
368 3300 445 3367 tales
468 3300 597 3366 Liberos
619 3308 727 3366 contra
751 3300 879 3365 solverit
903 3300 1086 3365 necessitate
1108 3301 1289 3366 alendorum

140 3402 322 3477 Parentum,
345 3408 381 3466 ut
400 3408 488 3486 patct
504 3421 544 3464 ex
562 3401 777 3475 Paurancno,
801 3397 887 3484 cujus
903 3397 1002 3463 locum
1019 3398 1136 3463 adduxi
1158 3397 1190 3462 in
1216 3409 1290 3466 nota

140 3501 183 3564 5:
209 3521 284 3564 nam
308 3507 341 3565 et
366 3499 481 3584 aliquid
502 3498 542 3563 de
567 3498 764 3563 facultatibus
790 3496 929 3582 paternis
948 3496 1062 3562 Nothis
1084 3497 1216 3584 relinqui
1237 3499 1290 3564 de-

140 3598 252 3675 buissc,
277 3606 399 3663 constat
418 3619 459 3662 ex
482 3596 519 3661 iis
542 3617 612 3682 quaa
636 3597 732 3661 habet
754 3597 906 3661 Joannss
928 3596 963 3659 M
966 3616 1110 3674 sunsws,
1141 3600 1289 3664 Thamiai.

140 3698 240 3763 Attio.
267 3696 337 3761 Lib.
354 3697 399 3761 II.
424 3716 566 3781 cap.x11.
618 3693 707 3759 Talia.
723 3689 956 3787 παρορᾶματα,
982 3704 1038 3760 aut
1059 3692 1289 3788 ἁμαρτήματα

140 3791 332 3877 μνημονικά,
347 3794 514 3880 aliquando
532 3793 622 3880 plura
637 3793 721 3858 intra
737 3815 851 3880 paucas
867 3794 963 3858 lineas
980 3804 1153 3872 occurrunt,
1171 3805 1207 3862 ut
1220 3797 1290 3862 Lib.

142 3894 167 3958 1.
193 3914 329 3982 captu.
358 3886 375 3986 p
392 3896 422 3959 8.
448 3915 530 3957 num.
551 3891 581 3974 7,
609 3901 684 3957 nota
701 3886 759 3977 (x).
810 3894 854 3958 Et
870 3892 929 3957 illis
946 3901 1066 3959 scatent
1089 3916 1177 3981 capp.
1196 3917 1290 3962 xvru.

140 4004 171 4058 et
193 4014 268 4059 xrx.
295 3992 364 4057 Lib.
381 3993 424 4056 ll.
452 3990 710 4077 quemadmodum
733 4012 774 4055 ex
795 3990 1010 4077 speciminibus
1029 3992 1073 4058 ibi
1099 3992 1212 4059 adlatis
1237 3995 1292 4061 ad·

138 4102 239 4178 paret,
257 4100 292 4156 et
309 4091 341 4155 N
342 4099 403 4155 otae
419 4098 533 4155 nostrae
552 4088 680 4155 Gallicae
697 4089 847 4175 copiosius
864 4090 1037 4155 ostendent.

211 4191 253 4256 ln
276 4190 315 4255 iis
332 4188 472 4254 omnibus
488 4188 603 4275 aliquid
620 4188 747 4253 humani
766 4209 889 4275 passum
908 4210 975 4254 esse
993 4190 1102 4256 Virum
1122 4191 1291 4266 Summum,

136 4291 162 4358 si
186 4291 261 4381 quis
287 4287 431 4364 miretur,
455 4310 514 4377 ego
538 4287 670 4353 vicissim
691 4285 839 4366 mirabor,
864 4287 949 4374 quod
970 4287 1000 4355 ei
1020 4288 1055 4354 in'
1074 4297 1209 4354 mentem
1231 4309 1293 4352 nou
