2866 4906
98 250 167 306 Car.
181 248 230 317 V.]
397 252 508 308 JURIS
531 252 575 307 IN
595 251 806 317 PERSONAS,
826 252 909 307 E'rc.
1134 242 1198 307 305

97 415 151 482 diu
169 416 377 494 observatum,
397 417 533 485 Socratis
549 426 582 484 ct
596 416 727 483 aliorum
749 416 891 505 exemplo
907 415 1061 482 docemur.
1106 414 1198 496 Quod
1210 435 1345 476 ‹reu-xasa

98 515 124 580 si
139 516 192 603 qui
215 516 320 602 populi
337 517 541 584 continentius
558 526 700 606 egerunt,
726 525 762 583 ut
778 516 912 582 Romani
934 538 1056 602 semper
1079 514 1199 581 duabus

97 615 255 693 uxoribus,
273 615 406 681 divortio
423 617 477 681 diu
493 616 720 694 abstinuerunt,
738 615 886 682 laudandi
901 624 974 681 sunt
990 636 1075 696 sane,
1093 624 1129 680 ut
1146 615 1199 702 qui

99 713 141 779 ad
162 714 196 780 id
209 715 293 800 quod
309 715 458 800 optimum
480 723 527 781 cst
549 715 753 781 accesserint:
778 715 911 780 undeet
931 713 1091 779 flaminicae
1116 716 1200 802 apud

100 813 224 879 eoadem
249 815 405 879 Romanos
431 814 670 895 matrimonium,
696 813 756 880 nisi
781 822 892 891 morte,
911 835 975 879 non
1000 813 1199 880 solvebatur:

100 915 180 977 rnon
202 921 307 978 tamen
334 912 407 979 inde
431 914 572 1000 sequitur
594 935 746 1000 peccasse,
772 912 826 999 qui
851 914 993 980 fecerunt
1015 912 1107 979 aliter
1126 920 1200 978 ante

101 1011 329 1100 promulgatam
343 1013 507 1100 Evangelii
524 1035 639 1080 vocem.

172 1111 212 1178 X.
250 1113 271 1176 1
303 1112 395 1177 Nunc
419 1120 584 1199 quarata
608 1111 759 1197 sintjnre
784 1119 906 1179 naturae
931 1111 1075 1201 conjugia
1096 1112 1201 1178 videa-

99 1230 188 1274 mus:
207 1210 316 1296 inquo
333 1210 529 1298 dijudicando
545 1211 720 1275 meminisse
742 1211 898 1289 debemus,
919 1233 982 1276 non
996 1211 1108 1288 omnia,
1129 1233 1200 1298 quae

97 1309 162 1395 juri
187 1319 310 1375 natura
331 1318 519 1398 repugnant,
540 1309 632 1374 irrita
654 1309 722 1375 fieri
742 1309 815 1397 jure
841 1319 972 1387 naturae,
998 1319 1035 1376 ut
1059 1311 1200 1397 exemplo

102 1408 243 1496 prodigae
268 1408 442 1474 donationis
462 1417 614 1494 apparet3
634 1410 689 1474 sed
712 1431 750 1474 ea
769 1410 902 1485 demum,
923 1409 956 1473 in
980 1409 1092 1495 quibus
1113 1409 1201 1475 deest

102 1506 286 1593 principium
304 1508 381 1573 dans
396 1506 588 1573 validitatem
605 1507 698 1584 actui,
716 1516 772 1573 aut
786 1506 836 1573 ⁷in
852 1509 963 1594 quibus
981 1508 1090 1573 vitium
1107 1508 1201 1574 durat

102 1604 135 1670 in
151 1606 272 1672 effectu.
308 1605 497 1693 Principium
514 1615 546 1672 et
562 1605 623 1683 bio,
640 1616 673 1672 et
688 1606 722 1671 in
738 1606 806 1672 aliis
820 1607 940 1672 actibus
950 1606 1102 1685 humanis,
1117 1606 1202 1672 unde

148 1781 489 1829 mxonuanuenessono,
676 1767 720 1830 xv.
732 1797 789 1844 pag.
801 1785 853 1831 714.
883 1784 951 1832 J.B.

148 1844 438 1893 Qmmwndlllvlilnlffl
720 1867 731 1902 a
751 1858 824 1919 Apud
841 1859 971 1919 AEygptios
988 1858 1035 1905 soli
1058 1857 1201 1920 candores]

147 1905 502 2016 ξᾙζζοξᾚᾚ,
677 1931 1031 1980 maenaamnumnoron.
1048 1932 1201 1994 [susanna

147 2030 553 2078 yemfflymbmmmmm
677 2007 834 2064 Herodianus,
847 2009 911 2068 apud
926 2021 997 2068 quom
1013 2008 1072 2053 nihil
1087 2007 1152 2068 quod
1171 2007 1203 2053 ad

148 2093 528 2141 stmodoooruisssnanmusqmes
676 2092 727 2124 rem
742 2080 823 2136 faciat,
837 2081 930 2140 positus
944 2085 981 2127 est
996 2080 1048 2126 heic
1063 2095 1106 2140 pro
1123 2080 1202 2126 llere-

102 2163 202 2209 Plautu,
210 2164 346 2210 Mercatore
358 2164 408 2223 (ῃ,
417 2165 439 2212 6,
449 2165 491 2225 8),
677 2154 743 2209 doto,
759 2154 926 2213 undecumque
946 2168 1012 2200 error
1032 2159 1100 2200 ortus
1119 2155 1200 2201 fuerit.

103 2236 156 2274 Nam
164 2240 317 2276 uxoroontenta
323 2240 360 2284 est,
368 2248 415 2285 que
422 2238 477 2276 bons
484 2240 520 2285 est,
528 2247 570 2276 uno
577 2238 626 2276 viro.
678 2228 714 2273 At
723 2227 761 2272 bic
771 2226 916 2272 contrarium
924 2227 994 2287 plane
1002 2229 1080 2285 docet,
1090 2229 1202 2274 nimirum

103 2298 142 2344 Qui
150 2299 254 2337 minueris
262 2310 304 2338 unu
312 2310 374 2339 uxore
381 2299 549 2339 contentiosior?
677 2316 760 2348 ornnes
779 2301 910 2362 AEgyptlos
923 2315 973 2347 una
987 2317 1061 2349 uxore
1075 2308 1203 2350 contentos

146 2386 158 2410 ⁰
173 2377 232 2424 Jcm
252 2383 306 2426 tuac
324 2378 472 2438 imperatam]
495 2379 533 2425 Sic
554 2382 579 2424 et
602 2378 628 2424 in
676 2377 757 2433 irrisae,
781 2377 982 2437 quemadmodum
1007 2379 1032 2423 in
1057 2389 1124 2425 more
1149 2383 1203 2426 erat

104 2453 294 2512 complurium
309 2467 413 2499 morum
429 2453 556 2513 inungue
568 2453 629 2498 nm.
679 2452 785 2498 creon:
804 2452 852 2497 aar
869 2452 969 2510 ,ovaret
983 2454 1028 2512 ,ny
1042 2453 1148 2500 uam
1158 2455 1202 2499 ao·
1235 2442 1239 2450 ⁴

103 2527 196 2573 brosins
209 2528 242 2584 id,
253 2528 318 2588 qnod
329 2528 468 2574 laudaverat
483 2527 508 2572 in
519 2528 628 2587 paradiso
677 2526 743 2572 τέων
753 2525 882 2585 συνοικέει,
889 2526 1138 2587 reverentiam.
1148 2527 1202 2574 Lib.

102 2601 178 2658 Deua,
189 2603 363 2649 adamnatione
372 2602 486 2648 contrarii
499 2616 519 2648 o.
531 2602 563 2648 iv.
573 2603 627 2649 Lib.
678 2614 708 2648 ss.
719 2614 771 2660 cap.
783 2600 822 2648 92.
847 2600 901 2647 Utri
912 2602 1052 2648 credemus?
1071 2603 1203 2660 Herodoto,

104 2690 121 2722 r.
136 2677 165 2722 de
177 2677 306 2724 Abrabam.
323 2691 394 2737 quem
408 2677 488 2722 locum
499 2677 629 2724 Gratianus
678 2691 709 2723 an
720 2676 827 2722 Diodoro
838 2676 925 2734 Siculo,
935 2677 970 2723 ita
980 2678 1042 2724 inter
1053 2691 1079 2724 ss
1089 2692 1203 2739 pugnan-

103 2754 184 2810 posuit
203 2768 275 2798 causa
291 2765 382 2798 xxxa.
407 2758 493 2812 qnoest.
514 2755 629 2801 1v.c.8.
678 2753 758 2800 tibus?
777 2750 858 2811 J.B.]

105 2827 178 2886 [Vide
195 2841 249 2886 qaae
267 2828 369 2873 brimus
389 2827 413 2872 iu
434 2828 549 2874 Tractatu
570 2828 630 2873 Gal·
722 2826 803 2872 rNoa
817 2831 893 2872 manca
907 2826 961 2872 inde
970 2826 1202 2889 requitvsrpeecassc]

105 2904 151 2948 lico
167 2902 207 2949 De
221 2902 342 2949 Doctrina
356 2901 451 2948 Murali
463 2903 566 2948 Parrum
579 2903 631 2950 Ec·
679 2902 830 2962 Augustinus
845 2901 907 2947 libro
922 2914 992 2951 xxrr.
1008 2917 1029 2950 c.
1040 2903 1105 2949 xlvii.
1120 2908 1204 2950 contra

104 2977 159 3024 cles.
171 2978 282 3037 caprili.
294 2976 309 3038 ξ
322 2980 464 3038 10,eiscqq.
493 2976 576 3038 J.1r.]
678 2976 808 3022 Faustum:
823 2975 1052 3035 Quandcmoserat,
1062 2978 1205 3025 crimem

148 3061 160 3095 r
179 3053 237 3098 liam
253 3051 377 3112 Indorum]
404 3050 439 3098 Et
453 3053 581 3109 Thracum,
599 3053 629 3099 de
678 3056 739 3099 erat
766 3052 852 3097 Posuit
866 3051 946 3098 stboc
958 3053 1095 3110 Gratianus,
1106 3055 1147 3100 sed
1158 3055 1203 3100 sub

103 3130 189 3188 quibus
210 3143 292 3174 versus
318 3133 376 3174 aunt
395 3128 531 3186 Menandri,
552 3129 629 3188 (apud
679 3126 1203 3186 Ambrosilaomlne.(Caus.xxxrr.Qurast.

103 3203 184 3249 Strab.
195 3202 247 3247 Lib.
258 3214 304 3247 v11.
320 3215 346 3260 p.
361 3200 418 3260 297)
433 3206 459 3247 et
469 3201 591 3261 Euripidis
604 3203 629 3247 in
678 3202 709 3247 iv.
720 3216 741 3246 c.
751 3202 790 3255 7).

104 3275 284 3321 Andromacha.
299 3273 372 3333 (vers.
383 3278 435 3320 214.
448 3280 470 3319 et
483 3274 560 3334 seqq.)
723 3272 734 3303 ⁷
754 3273 803 3321 Ubi
812 3278 879 3320 artus
889 3275 1203 3336 mesammones,

148 3348 159 3376 ⁶
175 3349 237 3394 Vide
248 3349 417 3403 Smenonnrs,
429 3347 565 3407 Gecyrapi.
576 3347 630 3394 Lib.
678 3347 713 3393 ait
728 3349 821 3393 Auctor
835 3348 928 3394 Adnot.
944 3349 969 3393 ia
987 3349 1077 3397 blattb.
1092 3350 1150 3396 xxii.
1165 3352 1202 3397 ³0·

103 3600 225 3663 divorse,
239 3596 306 3670 they
319 3615 368 3654 are
383 3604 413 3655 to
423 3597 460 3655 be
471 3597 583 3671 praised
592 3615 623 3654 as
634 3596 737 3669 having
747 3597 830 3653 made
838 3614 875 3652 an
886 3597 1010 3654 adrauce
1021 3605 1051 3655 to
1063 3599 1138 3656 what
1149 3618 1204 3658 was

103 3687 175 3741 best.
213 3685 311 3740 Hence
326 3685 385 3740 also
400 3685 449 3741 the
464 3686 528 3741 wife
540 3687 573 3740 of
585 3685 633 3741 the
643 3685 761 3739 Flamen
776 3683 874 3750 Dialis,
888 3684 938 3740 the
951 3686 1083 3756 priestess
1100 3686 1134 3742 of
1151 3689 1205 3743 Ju-

102 3774 185 3844 piter,
200 3771 283 3826 could
296 3778 346 3826 not
359 3773 430 3827 haro
449 3771 501 3826 her
521 3772 658 3843 marriage
675 3770 814 3824 dissolved
826 3770 878 3825 but
892 3771 930 3842 by
944 3771 1038 3827 death.
1074 3774 1131 3828 Yet
1145 3773 1204 3828 still

102 3860 126 3912 it
140 3858 207 3912 does
222 3863 274 3912 not
287 3857 381 3912 follow
396 3859 459 3913 that
469 3858 537 3928 they
548 3857 657 3922 sinned,
668 3855 730 3911 who
745 3856 794 3910 did
806 3855 953 3912 otherwise
967 3857 1064 3914 before
1075 3859 1125 3915 the
1139 3876 1204 3931 pro-

102 3945 258 4014 mulgation
273 3944 307 3997 of
318 3943 366 3998 the
382 3944 494 4015 Gospcl.

158 4031 196 4082 X.
232 4035 246 4082 1
270 4029 324 4084 Lot
339 4047 371 4084 us
386 4047 449 4084 now
462 4046 510 4084 see
524 4029 601 4084 what
614 4028 765 4100 marriagcs
780 4044 829 4083 are
844 4028 918 4082 valid
930 4029 969 4101 by
982 4030 1103 4085 Natural
1118 4031 1201 4085 Laws

103 4114 133 4166 in
150 4113 280 4186 deciding
296 4115 394 4178 which,
408 4132 450 4170 we
467 4131 516 4169 are
538 4122 568 4169 to
587 4099 720 4169 recollect
742 4113 804 4169 that
821 4120 872 4169 not
889 4115 1054 4187 everytbing
1068 4115 1158 4168 which
1179 4115 1203 4168 is

103 4203 234 4270 contrary
248 4210 278 4254 to
298 4201 347 4255 the
361 4202 428 4256 Law
442 4200 476 4255 οἰ
486 4202 597 4255 Nature
613 4196 688 4271 [that
701 4200 724 4254 is
742 4208 773 4254 to
795 4199 844 4255 the
860 4201 949 4255 moral
964 4208 1065 4254 nature
1078 4199 1111 4253 of
1123 4193 1200 4268 man]

103 4284 127 4336 is
145 4284 210 4336 void
226 4284 265 4356 by
287 4287 407 4341 Natural
426 4288 509 4352 Law3
530 4302 561 4341 as
580 4303 697 4357 appears
715 4286 754 4358 by
771 4284 821 4340 tho
842 4286 971 4357 example
988 4285 1022 4339 oi
1040 4302 1057 4338 a
1074 4284 1202 4356 prodigal

103 4368 252 4423 donatione
274 4365 376 4439 [which
390 4373 413 4427 is
427 4379 558 4444 contrary
569 4377 599 4427 to
615 4371 664 4427 the
681 4372 793 4427 natural
810 4372 902 4427 virtue
925 4371 958 4426 of
972 4370 1124 4442 prudence,
1146 4370 1202 4425 and

205 4529 338 4621 [enom]
1057 4485 1100 4547 2⁰
