2866 4906
525 236 828 293 PROLEGOMENA.
1179 227 1229 292 xlv

120 405 217 471 etiam
239 404 273 470 in
293 403 341 469 his
353 402 502 491 judicium
528 413 613 469 recte
636 402 861 468 conformatum
886 403 984 490 sequi,
1008 425 1110 489 neque
1131 414 1226 481 metu,

120 515 179 572 aut
196 504 364 592 voluptatis
380 502 542 589 proesentis
557 502 704 568 illecebra
720 502 885 590 corrumpi,
903 511 959 568 aut
975 503 1141 569 temerario
1157 504 1228 591 rapi

119 604 251 691 impetu,
269 602 456 669 conveniens
477 624 544 668 esse
560 603 705 668 humana
721 610 863 680 naturae;
887 611 920 669 ct
937 604 1020 689 quod
1037 603 1091 668 tali
1108 602 1226 690 judicio

120 704 215 790 plane
228 712 395 792 repugnat,
412 700 507 767 etiam
523 711 633 768 contra
645 700 698 790 jus
712 711 844 780 naturae,
859 703 1003 768 humanae
1017 703 1142 781 scilicet,
1158 724 1227 769 esse

120 802 319 892 intelligitur.
977 868 998 883 ,,

196 905 240 967 10
273 902 382 988 Atque
405 903 466 967 huc
491 901 585 967 etiam
602 903 739 988 pertinet
759 903 791 968 in
817 903 865 969 his
881 925 951 991 qua
973 903 1084 990 cuique
1108 902 1270 1006 hominigyy
1309 974 1335 1004 a

120 1010 178 1068 aut
200 1001 295 1068 coetui
320 1001 447 1088 propria
473 1011 546 1066 sunt
572 1001 760 1090 elargiendis
786 996 939 1090 iprudens
967 1003 1164 1091 dispensatio,
1190 1014 1225 1070 ut
1335 994 1340 1004 ¹

121 1123 193 1188 quae
227 1122 311 1166 nunc
343 1101 561 1187 sapientiorem
591 1101 692 1167 minus
725 1101 867 1189 sepienti,
902 1124 982 1168 nune
1016 1101 1224 1190 propinquum

121 1210 284 1275 extraneo,
307 1222 388 1266 nunc
412 1221 582 1287 pauperem
605 1200 703 1277 diviti,
728 1210 822 1288 prout
846 1211 934 1266 actus
955 1201 1102 1288 cujusque
1125 1212 1158 1267 et
1178 1200 1226 1266 rei

121 1300 334 1376 naturalem,
360 1297 535 1387 praeponit:
569 1321 662 1384 quarn
685 1300 766 1387 juris
799 1300 926 1387 proprie
958 1300 1127 1385 strictoque
1151 1299 1226 1365 dicti

121 1409 245 1487 partem
266 1398 332 1487 jam
352 1398 424 1465 olim
447 1397 684 1475 multifaciant,
708 1422 778 1464 cum
802 1409 906 1464 tammr
926 1398 979 1484 jus
1001 1399 1078 1465 illud
1100 1398 1226 1487 proprie

122 1573 230 1632 ponitur.
260 1573 287 1621 J.
299 1575 332 1620 B.
699 1574 813 1621 ἅοιοοιωιι
828 1586 878 1620 sor
894 1586 1020 1620 nonoaars
1038 1588 1147 1635 cantur,
1166 1588 1224 1629 ουκ

167 1645 179 1678 ¹¹
198 1646 251 1706 Quo
263 1649 382 1707 pertinent
400 1648 474 1694 alieni
494 1644 648 1705 abstinentia]
700 1652 801 1698 Jurnnr
814 1656 962 1698 autnoreni:
980 1653 1225 1700 vocesauteminter-

121 1718 270 1782 Porphyrius
280 1721 310 1768 de
320 1736 369 1767 non
381 1736 423 1768 esu
432 1722 588 1767 animantium
600 1726 648 1766 ter*
699 1727 797 1784 medias,
813 1726 862 1771 sire
882 1740 912 1771 ex
932 1726 1007 1785 ipsius
1023 1727 1137 1773 Auctoris
1156 1728 1226 1788 lapsa

123 1794 203 1852 tiorri
221 1798 248 1843 δι
265 1797 405 1851 δικαιοσύνη
420 1796 446 1842 ἐν
460 1798 497 1856 τῷ
517 1795 651 1855 dormint
699 1800 895 1855 calamistrum
910 1799 1068 1860 incogitantia
1083 1799 1224 1862 Exscripto-

122 1872 165 1918 sai
192 1872 305 1930 ἀβλαβεῖ
325 1876 410 1917 κοῖται
428 1870 526 1917 παντὸς
546 1869 650 1916 ὁτουοῦν
699 1883 760 1927 ram,
780 1869 903 1924 excidisse,
920 1870 981 1916 adeo
999 1877 1027 1916 ut
1047 1885 1125 1931 neque
1141 1878 1226 1932 postes

122 1947 171 1993 τοῦ
180 1946 213 2006 μοὶ
219 1945 400 2005 βλάπτοντος·
415 1945 518 1992 Jartitia
530 1945 555 1990 in
565 1959 591 1990 eo
601 1945 650 1989 rita
699 1945 801 2001 Auctor,
812 1945 883 1990 rebus
894 1945 970 2005 magis
981 1959 1051 2005 qnam
1058 1947 1136 1992 verbis
1146 1947 1226 1994 inten-

121 2026 165 2078 est,
180 2027 206 2068 ar
219 2022 366 2068 abstineatur
380 2021 474 2076 atbair,
484 2033 557 2079 nequae
565 2033 650 2065 nocea-
699 2025 747 2077 tus,
763 2020 787 2065 id
806 2021 1006 2077 animadverterit,
1025 2022 1225 2081 quemadmodum

121 2101 162 2142 tar
170 2111 218 2142 noa
226 2096 367 2143 mserum.
383 2095 524 2155 (renato.)
698 2094 755 2140 alibi
766 2107 813 2140 non
824 2096 897 2141 semel
909 2096 1023 2141 accidisse
1036 2096 1105 2142 nobis
1117 2111 1226 2157 comper.

166 2169 178 2199 ⁸
193 2171 233 2216 lta
247 2170 343 2230 quidem
359 2169 448 2216 habent
463 2182 546 2214 omnes
555 2168 649 2214 Editio·
699 2173 749 2214 tum
762 2174 807 2215 est.
840 2169 953 2215 Ceterum
964 2183 1002 2215 res
1012 2169 1064 2229 ipsa
1077 2170 1182 2229 pertinet
1195 2171 1225 2217 ad

122 2259 178 2293 nea:
197 2245 250 2301 sed,
269 2258 414 2305 quamquam
432 2257 516 2290 sensus
536 2245 649 2290 Auctoris
699 2243 776 2289 officia
790 2243 901 2289 Hominis
910 2257 969 2303 erga
983 2257 1009 2289 se
1023 2244 1111 2304 ipsum,
1127 2246 1157 2291 de
1172 2246 1226 2305 qui.

121 2333 151 2366 ex
160 2319 223 2365 serie
233 2317 347 2364 orationis
362 2317 420 2363 satis
434 2321 525 2377 pateat,
540 2316 649 2375 loquutio
698 2319 744 2364 bns
753 2319 806 2364 inse
816 2319 1028 2374 Pnrnnnonrrus,
1038 2318 1078 2364 De
1092 2320 1149 2367 Jar.
1161 2320 1226 2370 Nat.

120 2408 169 2440 non
189 2393 249 2439 satia
268 2397 307 2439 est
325 2392 447 2438 adorram.
479 2391 564 2451 Neque
585 2393 648 2438 enim
698 2399 721 2440 et
733 2394 802 2440 Geni.
812 2392 904 2439 Lib.11.
915 2407 936 2439 c.
947 2396 970 2440 4.
999 2392 1027 2438 J.
1039 2394 1071 2439 B.

120 2469 153 2515 ri
162 2473 244 2515 nocent
254 2473 320 2513 recte
330 2467 461 2526 opponitur
470 2469 507 2526 τῷ
518 2466 646 2513 eceman:
744 2469 750 2501 ¹
764 2467 875 2514 Prudens
890 2468 1041 2527 dispensatio,
1057 2474 1083 2514 at
1098 2482 1151 2528 qna·
1165 2483 1226 2516 nane

120 2544 165 2591 nisi
186 2544 260 2600 dicas,
280 2542 397 2602 quidquid
416 2541 529 2598 delectat,
547 2542 572 2587 id
592 2556 649 2602 pro-
698 2544 865 2603 sapientiorem
879 2543 956 2589 rainae
969 2544 1079 2602 capienti,
1093 2558 1154 2590 nane
1163 2559 1225 2603 pro·

120 2621 203 2676 desse;
223 2619 289 2679 quod
308 2632 324 2664 a
342 2623 424 2664 mente
440 2617 554 2663 Auctoris
569 2622 595 2663 et
614 2617 648 2662 rei
695 2619 810 2678 pinquurn
826 2623 945 2675 remaneo,
960 2632 1022 2665 nunc
1037 2633 1167 2678 pauperem
1185 2620 1224 2665 di·

120 2695 223 2741 veritate
239 2694 313 2753 plane
333 2692 437 2739 alienam
453 2698 497 2738 eat.
528 2693 581 2738 Aut
596 2692 649 2737 heic
698 2695 749 2750 riti,
755 2698 830 2753 prout
845 2700 912 2740 actae
927 2694 1038 2754 cujusque
1051 2700 1073 2742 et
1087 2696 1123 2742 rei
1137 2701 1226 2743 namra

119 2773 157 2815 est
171 2768 338 2827 α’κνρολογιο,
353 2772 396 2813 aut
411 2767 487 2826 possit
501 2766 555 2825 quis
570 2767 648 2825 auspi·
691 2768 755 2829 sert,
764 2768 893 2829 proponit]
913 2769 974 2830 Agit
984 2771 1029 2816 hac
1039 2772 1069 2817 de
1079 2785 1104 2816 re
1119 2772 1225 2817 Ambra·

119 2845 170 2891 cari
188 2845 323 2891 Auctorem
337 2842 443 2889 voluisse
457 2842 574 2889 scribere:
590 2854 649 2894 oua
699 2844 819 2892 siuslibro
829 2845 906 2904 primo
917 2845 946 2891 ds
957 2845 1057 2907 Officiis.
1073 2846 1209 2907 (Capit)

120 3101 224 3150 nature
242 3098 273 3150 to
291 3094 394 3159 follow,
416 3096 445 3149 in
464 3094 532 3149 such
548 3100 663 3149 matters
681 3095 749 3158 also,
770 3093 832 3161 [tho
846 3096 976 3149 estimato
991 3096 1025 3149 of
1041 3096 1136 3151 future
1150 3095 1224 3167 good

120 3181 179 3235 and
200 3181 242 3246 itt,
265 3181 323 3235 and
343 3181 377 3235 of
401 3179 452 3235 the
471 3196 676 3250 consequences
698 3181 731 3235 oi
750 3178 878 3247 actions]
900 3197 918 3234 a
941 3181 1091 3252 judgment
1120 3181 1226 3253 rightly

119 3266 250 3330 iramcd3
270 3272 322 3321 not
340 3272 371 3320 to
389 3266 426 3321 be
442 3265 543 3321 misled
560 3266 598 3337 by
615 3265 677 3320 ieet
694 3281 727 3320 or
743 3265 781 3337 by
804 3265 853 3320 the
870 3268 1038 3337 temptation
1056 3267 1090 3321 of
1111 3275 1225 3336 present

119 3353 260 3424 pleaaure,
280 3367 334 3405 nor
352 3357 381 3406 to
399 3352 435 3406 be
457 3351 566 3406 carried
580 3367 657 3422 away
670 3350 710 3422 by
725 3351 804 3406 blind
822 3352 878 3405 aad
896 3351 1071 3420 thoughtless
1088 3352 1224 3422 impulse;

121 3437 180 3492 and
200 3437 264 3492 that
283 3436 360 3491 what
380 3437 405 3494 ia
426 3436 534 3508 plainly
550 3443 709 3508 repugnant
723 3443 753 3491 ιο
774 3436 843 3490 such
858 3437 1016 3506 judgment,
1037 3439 1061 3490 is
1079 3437 1137 3491 also
1155 3453 1222 3491 con·

120 3531 199 3594 trary
213 3527 244 3578 to
257 3523 320 3587 Jnr,
340 3522 450 3586 thatin,
471 3528 502 3576 to
516 3523 638 3576 Natural
652 3522 766 3576 Human
780 3522 855 3578 Lan.

179 3614 214 3665 10
242 3608 307 3662 And
325 3613 356 3663 tc
377 3607 433 3663 this
452 3609 573 3662 exercise
592 3608 625 3661 oi
638 3608 788 3678 judgment
806 3609 930 3679 pertains
948 3624 966 3662 a
987 3610 1149 3665 reasonable
1167 3611 1223 3665 aad

119 3693 285 3765 thoughtfnl
306 3694 486 3764 assignment,
508 3700 539 3748 to
554 3691 624 3748 each
643 3693 797 3748 individual
808 3694 865 3748 and
880 3693 949 3750 each
963 3694 1039 3767 body
1053 3696 1086 3750 oi
1102 3713 1176 3759 men,
1194 3698 1228 3752 of

118 3780 170 3836 the
187 3779 285 3850 things
302 3778 393 3834 which
414 3779 570 3851 peculiarly
592 3779 695 3849 belong
715 3786 746 3833 ιο
763 3779 858 3844 them;
880 3780 919 3851 by
938 3780 1027 3835 which
1048 3783 1171 3837 exercise
1194 3783 1228 3838 oi

113 3864 267 3937 judgment
281 3864 312 3918 in
332 3881 411 3919 some
426 3881 513 3929 cases,
531 3863 580 3918 tho
594 3865 675 3918 wiser
691 3881 757 3918 man
775 3865 798 3919 is
812 3865 956 3936 preferred
972 3873 1002 3921 to
1017 3866 1066 3922 the
1079 3868 1133 3922 lesa
1146 3868 1227 3933 wiser

115 3952 147 4005 in
163 3950 271 4015 others,
290 3965 343 4005 our
361 3950 518 4020 neighbcur
532 3958 562 4004 to
577 3965 595 4002 a
615 3955 759 4019 strangam
781 3951 811 4004 in
828 3950 931 4017 others,
951 3968 969 4005 a
986 3968 1057 4022 poor
1074 3970 1140 4007 man
1159 3959 1190 4009 to
1209 3972 1227 4009 a

114 4036 177 4091 rich
188 4050 276 4100 rnan3
298 4036 449 4106 according
459 4052 490 4090 aa
501 4034 551 4090 the
562 4040 664 4090 nature
673 4035 706 4088 oi
713 4034 782 4089 each
793 4041 840 4091 act
853 4037 910 4090 und
922 4037 991 4092 each
999 4038 1080 4109 thing
1091 4041 1225 4111 requires.

114 4121 181 4177 And
202 4119 263 4177 this
285 4136 365 4176 sorno
384 4138 500 4194 persons
520 4121 592 4175 hare
609 4120 718 4175 treated
736 4137 767 4175 aa
780 4138 798 4175 a
819 4126 883 4192 part
901 4121 934 4175 oi
947 4124 1000 4177 Jas
1019 4125 1151 4198 properly
1169 4127 1226 4183 and

113 4209 228 4280 strictly
255 4222 290 4263 so
311 4206 416 4272 ealled;
437 4206 574 4278 although
599 4208 651 4261 Jne
674 4207 807 4279 properly
831 4224 863 4262 so
887 4208 1022 4263 calladis
1047 4210 1135 4283 really
1156 4227 1227 4284 very

113 4295 253 4351 different
274 4293 306 4347 in
326 4293 362 4347 its
383 4298 492 4359 nature,
514 4293 571 4347 and
590 4292 640 4346 has
661 4293 717 4347 this
733 4293 780 4347 ior
799 4294 835 4348 its
854 4294 958 4364 special
979 4295 1072 4360 office;
1094 4303 1125 4351 to
1146 4297 1226 4353 locro

112 4388 145 4436 ιο
159 4378 288 4436 another
302 4376 377 4433 what
390 4378 414 4434 is
428 4377 480 4443 his,
496 4384 527 4434 to
542 4379 604 4449 give
619 4383 649 4432 to
663 4378 723 4432 him
738 4377 812 4432 what
826 4395 868 4432 wo
883 4396 951 4434 owe.
