2866 4906
457 212 647 269 EPISTULA
669 211 721 266 AD
744 211 960 270 LECTOREM.
1199 202 1293 268 xxxiii

131 399 216 443 num.
235 379 266 442 6.
292 382 354 442 not.
372 378 425 443 84.
453 378 522 445 Lib.
542 377 588 443 11.
615 399 682 464 cap.
699 399 720 443 1.
746 373 763 473 d
785 380 816 442 3.
841 384 904 443 not.
922 378 975 442 34.
1000 383 1032 441 et
1058 395 1124 463 cap.
1144 398 1189 442 111.
1218 371 1284 472 §a

130 485 198 542 not.
217 478 269 542 12.
292 497 360 562 cap.
377 497 424 541 rx.
453 470 470 570 d
491 480 542 542 11.
568 485 633 544 not.
652 476 704 545 67.
730 498 796 563 cap.
814 498 862 542 ιιι.
887 470 904 570 d
922 476 953 544 7.
976 484 1040 541 not.
1059 477 1112 542 60.
1141 499 1207 564 cap.
1226 499 1285 544 xr1.

132 572 149 672 p
170 578 224 641 18.
251 583 315 641 not.
332 578 387 653 89,
415 576 472 641 &a
519 577 618 641 Immo
634 575 667 641 in
683 575 729 652 iis,
748 597 818 661 quas
833 584 1000 641 occurrunt
1015 575 1058 641 ad
1075 576 1285 662 Antiquitates

131 683 165 742 et
180 675 292 740 Artem
312 674 458 741 criticam
478 675 659 763 spectantia,
684 675 850 761 aliquando
871 674 995 740 videtur
1017 675 1111 760 plane
1136 676 1224 752 alius,
1248 699 1285 742 ac

130 773 184 839 ubi
203 773 237 837 in
258 773 418 839 veteribus
439 774 555 841 Grecis
579 783 635 841 aut
658 773 778 841 Latinis
803 774 994 861 exponendis
1017 774 1220 840 versabatur:
1249 785 1285 841 ut

131 872 200 942 Lib.
220 872 248 937 I.
269 893 336 958 cap.
354 894 400 938 ιιι.
426 866 443 967 d
460 876 512 939 15.
530 882 593 940 not
612 876 676 952 653
695 873 763 939 Lib.
782 874 826 938 ll.
844 895 913 960 cap.
932 894 1016 941 xxrr.
1036 871 1098 971 §L
1116 882 1182 940 not.
1202 873 1233 951 7,
1251 883 1285 942 et

132 969 150 1070 p
168 974 200 1038 5.
218 973 364 1049 not163
389 972 456 1037 Lib.
474 973 535 1038 111.
553 994 619 1059 cap.
636 994 694 1039 xx.
715 969 732 1069 d
752 972 783 1041 7.
800 982 864 1039 not.
881 976 935 1051 21,
953 981 986 1038 et
1003 971 1085 1038 alibi.
1136 973 1234 1051 Talia,
1249 983 1286 1041 ut

126 1074 193 1158 jam
219 1069 294 1146 dixi,
320 1071 402 1136 aliud
428 1072 551 1159 agendo
573 1079 695 1138 tantum
721 1071 915 1139 notavimus:
948 1094 989 1137 ne
1011 1070 1080 1158 quis
1102 1083 1201 1159 putet,
1227 1095 1284 1139 nos

132 1171 267 1257 probare
284 1190 332 1246 ea,
355 1169 523 1257 dequibus
541 1171 687 1238 siluimus
739 1172 875 1237 Tantum
891 1171 980 1237 abest
996 1171 1088 1249 enim,
1110 1180 1147 1236 nt
1163 1172 1203 1237 de
1220 1194 1285 1238 om·

131 1269 223 1334 nibus
239 1268 331 1334 Notis
343 1269 412 1335 Viri
425 1269 634 1336 Eruditissimi
650 1270 841 1337 excutiendis
857 1269 1105 1357 cogitaverimus,
1123 1278 1159 1335 ut
1175 1281 1285 1338 contra

131 1366 164 1433 in
188 1367 291 1433 oeulos
315 1367 509 1435 incurrentes
533 1370 627 1436 salsas
652 1370 871 1457 explicationes
896 1368 1061 1454 aliquando
1090 1368 1164 1434 data
1188 1391 1284 1457 opera

132 1465 269 1532 indicare
285 1467 484 1546 noluerimus,
508 1469 592 1555 qnod
609 1470 706 1535 verba
720 1467 867 1534 Auctoris
888 1467 964 1533 satis
987 1468 1071 1533 clara
1093 1467 1181 1534 nobis
1198 1467 1284 1536 vide-

131 1574 251 1644 rentur,
270 1574 306 1632 ut
321 1567 436 1632 nemini
452 1568 634 1634 adtendenti
651 1568 754 1634 fraudi
772 1590 839 1633 esse
856 1576 962 1654 posset
979 1589 1068 1633 error
1086 1567 1282 1654 Interpretis.

131 1663 243 1750 Neque
259 1664 354 1731 etiam
370 1667 403 1732 id
420 1667 538 1755 negotii
554 1667 647 1735 nobis¹
663 1668 770 1733 datum
787 1667 972 1753 putavimus,
995 1675 1031 1732 ut
1047 1666 1116 1733 loca
1131 1668 1284 1734 Veterum

131 1763 172 1829 ab
190 1764 243 1829 illc
260 1763 387 1830 laudata
408 1765 440 1830 iu
460 1766 534 1853 ipsis
556 1765 694 1833 fontibus
710 1787 931 1851 quaereremus,
955 1766 1030 1831 satis
1051 1788 1206 1852 superque
1228 1768 1284 1833 ha·

131 1861 251 1940 bentes,
268 1863 295 1928 si
312 1886 435 1930 errores
452 1865 482 1929 in
499 1865 635 1931 numeris
651 1876 762 1952 sponte
778 1887 845 1930 sese
863 1865 1028 1930 offerentes
1044 1865 1231 1943 tolleremus,
1247 1875 1284 1932 ut

132 1971 165 2027 et
194 1962 308 2028 menda
333 1963 399 2029 sive
426 1964 664 2052 typographica,
690 1965 756 2029 sive
783 1974 853 2030 orta
879 1985 897 2028 e
923 1963 1032 2029 vitioso
1057 1964 1172 2041 codice,
1199 1965 1284 2032 unde

131 2060 225 2127 Notae
237 2061 307 2127 Viri
321 2063 496 2128 Doctissimi
512 2064 646 2150 primum
664 2063 757 2128 editae
773 2072 863 2139 sunt;
882 2083 982 2149 neque
1000 2062 1081 2126 enim
1099 2065 1139 2128 ad
1157 2085 1283 2130 manum

130 2159 190 2225 suit
207 2160 310 2247 prima
328 2160 382 2226 illa
400 2161 514 2228 Editio.
567 2162 626 2228 Vel
648 2163 690 2227 sic
712 2170 817 2227 tamen
837 2162 929 2248 longe
952 2161 1179 2227 emendatiores
1201 2185 1282 2228 nunc

130 2258 295 2344 prodeunt,
313 2268 349 2325 ut
365 2281 404 2325 ex
421 2261 582 2327 collatione
599 2261 840 2348 precedentium
858 2259 1036 2326 Editionum
1054 2282 1123 2324 oum
1138 2261 1197 2327 hac
1213 2283 1283 2327 nos·

130 2366 183 2423 tra
199 2357 295 2424 cuivis
312 2359 507 2426 manifestum
524 2361 593 2426 erit.

206 2457 357 2544 Superest
373 2469 408 2526 ut
425 2459 597 2535 doceamus,
621 2460 774 2546 quomodo
792 2461 906 2524 Lector
927 2458 1109 2546 dignoscere
1123 2466 1219 2544 queat
1234 2481 1282 2538 ea,

131 2577 203 2642 quae
225 2566 341 2623 nostrae
361 2557 523 2624 industrias
542 2559 705 2638 debentur,
727 2558 781 2624 ubi
802 2558 917 2623 scilicet
934 2557 966 2622 id
983 2557 1103 2645 egimus
1122 2567 1159 2622 ut
1175 2557 1283 2624 distin·

132 2655 187 2742 gui
204 2665 337 2742 possent,
359 2658 444 2722 nulla
470 2658 700 2744 comparatione
720 2679 790 2723 cum
816 2656 885 2721 aliis
907 2656 1103 2723 Editionibus
1130 2656 1282 2725 instituta.

132 2753 225 2829 Nam,
245 2763 282 2820 ut
299 2777 338 2821 ex
355 2755 528 2842 jamdictis
547 2756 742 2844 intelligitur,
767 2755 900 2843 plurima
915 2765 987 2821 sunt
1003 2755 1079 2832 loca,
1101 2756 1152 2821 vel
1174 2779 1215 2822 ex
1231 2778 1284 2823 ve-

132 2852 251 2919 teribus
268 2854 473 2933 Editionibus,
491 2856 542 2921 vel
556 2857 621 2921 sine
638 2856 760 2921 illarum
778 2878 846 2943 ope,
864 2877 904 2919 ex
921 2853 1096 2921 certissimis
1113 2855 1285 2922 rationibus

133 2952 227 3017 tacite
244 2955 427 3022 emendata:
445 2964 511 3021 tum
528 2976 651 3020 errores
664 2954 698 3019 in
713 2953 925 3042 designatione
938 2953 1113 3032 Librorum,
1129 2955 1283 3042 Capitnm,

133 3050 299 3129 Versuum,
331 3054 390 3122 dcc.
417 3054 485 3119 fera
510 3076 634 3141 semper
660 3055 874 3141 expunximus,
901 3053 987 3117 nulla
1011 3052 1167 3118 mentione
1189 3053 1282 3131 facta,

133 3149 217 3217 nullo
234 3150 347 3217 indicio
365 3152 675 3229 datc'correctionis;
703 3152 787 3238 quod
811 3152 922 3217 molem
947 3150 1110 3218 voluminis
1132 3151 1283 3218 inutiliter

133 3248 280 3327 auxisset,
298 3259 331 3316 et
345 3251 477 3339 speciem
492 3252 677 3340 paginarum
695 3251 864 3317 deformem
881 3251 1074 3336 aliquatenus
1089 3250 1283 3317 reddidisset.

136 3348 206 3425 Qua
222 3349 262 3415 de
279 3371 388 3415 caussa
403 3351 495 3416 etiam
511 3351 543 3415 iu
556 3351 706 3438 margine,
724 3349 776 3415 ubi
789 3349 963 3415 addidimus
976 3348 1108 3423 titulum,
1122 3370 1284 3414 numerum

135 3445 233 3523 Libri,
258 3448 388 3535 Capitis,
406 3450 535 3526 Versus,
552 3449 691 3537 Paginse,
712 3448 827 3512 nullam
853 3446 1055 3512 distinctionis
1072 3454 1175 3510 notam
1196 3447 1284 3514 ullibi

130 3545 339 3632 adposuimus.
392 3548 455 3614 Sed
470 3549 502 3613 in
518 3548 585 3635 ipso
605 3555 762 3623 contextu,
779 3554 835 3610 ant
851 3545 883 3610 in
899 3544 1000 3622 Notis,
1017 3544 1096 3610 tales
1112 3545 1285 3614 additiones

133 3643 324 3732 signavimus
346 3646 467 3713 duobus
487 3646 583 3724 uncis,
602 3647 715 3733 saepius
731 3646 790 3711 hoo
807 3645 898 3710 modo
919 3645 931 3728 (
952 3647 974 3727 ),
1000 3644 1102 3709 rarius
1118 3644 1178 3711 isto
1202 3643 1218 3731 [
1238 3645 1284 3733 ]¹.

133 3743 266 3809 Notolae
288 3754 393 3810 autem
409 3755 526 3811 nostrae
543 3746 594 3811 vel
611 3753 763 3832 separatae
786 3744 909 3808 omnino
926 3752 1008 3818 sunt,
1027 3753 1060 3808 et
1076 3752 1150 3808 tuno
1166 3766 1187 3808 a
1204 3745 1286 3811 Gro-

133 3841 226 3908 tianis
246 3842 298 3908 vel
321 3844 530 3911 Gronovianis
553 3844 788 3931 distinguuntur
813 3842 912 3908 literis
939 3841 1111 3928 duplicibus
1133 3843 1174 3907 ab
1197 3842 1286 3910 initio

132 3939 250 4027 positis,
275 3942 334 4008 hac
350 3943 472 4008 ratione
490 3945 580 4029 (aa)²:
606 3941 714 4030 primis
730 3949 834 4008 autem
850 3940 981 4007 nominis
997 3939 1096 4006 nostri
1113 3940 1145 4006 in
1161 3941 1223 4008 line
1242 3942 1286 4010 sic

177 4080 185 4111 ¹
202 4081 333 4130 Additions
347 4084 454 4144 peculim
467 4089 494 4132 to
507 4086 549 4132 tlre
558 4087 657 4145 present
670 4084 760 4131 edition
775 4097 816 4131 are
831 4082 1006 4143 distinguished
1021 4083 1053 4144 by
1067 4082 1155 4130 double
1169 4083 1287 4142 brackets,

131 4155 188 4204 thus
261 4189 269 4203 .

175 4232 187 4260 ¹
201 4156 233 4279 in
246 4157 290 4280 dhe
305 4239 404 4294 present
418 4237 507 4284 edition
523 4237 676 4298 Barbayrao's
691 4237 768 4284 Notas
782 4249 823 4282 ara
839 4234 937 4281 marked
957 4235 988 4295 by
1003 4234 1045 4281 the
1061 4233 1150 4280 Arabio
1167 4233 1288 4281 numerals

130 4305 193 4354 born
204 4311 217 4354 1
230 4313 256 4355 to
268 4309 298 4359 9:
313 4311 356 4356 tha
366 4311 442 4359 Notas
456 4313 483 4359 cf
497 4313 597 4361 Grotius
609 4314 684 4374 being
698 4311 797 4359 marked
811 4311 843 4371 by
853 4311 895 4358 the
910 4309 988 4370 single
1003 4309 1087 4356 letters
1102 4308 1130 4354 ci
1142 4309 1184 4355 the
1193 4307 1288 4367 Alphe·

128 4380 179 4440 bet,
193 4397 221 4429 as
239 4383 264 4431 in
280 4383 323 4430 tha
338 4384 423 4432 earlier
438 4387 548 4435 editions.

233 4495 408 4586 [orons
1168 4469 1186 4512 ⁰
1294 4473 1297 4480 '
