2866 4906
236 155 278 215 50
424 159 479 217 AN
499 159 674 216 anetina
696 159 866 225 UNQUAM
887 159 1041 215 ,IUSTUM
1064 159 1133 214 SIT.
1223 158 1297 226 [tn.
1309 158 1332 213 1.

310 329 332 393 2
367 327 530 404 Quomodo
547 326 650 392 vero?
701 324 782 390 Alibi
803 325 836 390 id
856 325 992 412 explicat
1009 327 1099 390 Rom.
1118 324 1180 391 xiii.
1199 327 1242 389 4:
1267 326 1335 391 Dei

235 429 383 500 miniater
408 438 454 491 eet
481 438 536 491 tuo
567 427 668 490 bono:
693 427 781 508 quod
809 426 840 490 oi
863 427 989 509 fecer-ie
1015 428 1100 510 quod
1131 426 1251 489 malum
1277 435 1333 498 eet,

236 539 364 599 motae:
391 547 454 591 aon
470 528 554 590 enim
560 527 699 609 frustra
713 526 864 609 phidiam
879 527 989 607 perit:
1010 546 1088 588 nam
1103 525 1170 589 Dei
1186 526 1336 588 minicae

237 637 292 705 eet,
307 626 423 690 vindat:
444 627 600 690 adirem
624 627 656 689 ei
676 625 734 707 qui
754 625 839 706 quod
861 624 985 687 malum
1006 635 1052 688 eat
1069 625 1198 708 fecerit.
1233 624 1336 687 3«Ιιιιο

237 723 333 812 gladii
358 744 416 809 per
440 721 682 811 complexionem
706 723 805 786 omnis
829 721 953 808 quidem
971 721 1116 786 coercitio
1137 720 1333 809 intelligitur,

237 822 390 909 quomodo
405 822 499 887 etiam
517 820 600 907 apud
623 820 864 887 Jurioconenltos
885 820 1042 886 interdum
1052 843 1061 896 ;
1087 819 1143 885 sed
1158 820 1204 885 ita
1219 829 1334 894 tamen,

236 929 273 987 nt
286 942 361 1008 pare
375 921 442 1008 ejus
460 942 589 996 anmma,
614 920 648 986 id
668 928 717 985 eet
733 941 826 985 verus
843 918 940 1007 gladii
956 941 1039 995 neus,
1063 941 1126 984 non
1143 918 1334 984 excludatur.

238 1019 320 1085 Huic
351 1019 418 1085 loco
446 1018 629 1084 illustrando
658 1040 721 1084 non
748 1038 858 1104 parum
887 1019 985 1083 servit
1008 1018 1149 1083 Pealmue
1172 1017 1334 1092 secundus,

120 1144 129 1169 ³
237 1119 290 1204 qui
305 1138 482 1205 quanquam
496 1117 529 1182 in
546 1116 668 1184 Davide
685 1138 773 1182 auam
789 1117 899 1182 habuit
913 1116 1085 1197 veritatem,
1099 1116 1218 1203 plenius
1230 1123 1336 1181 muron

171 1208 174 1215 ’
237 1225 270 1283 et
294 1216 461 1303 perfectius
485 1216 525 1282 ad
551 1215 709 1282 Christum
729 1214 888 1302 pertinet:
912 1224 949 1282 ιιι
970 1215 1089 1281 discere
1105 1214 1333 1281 astrimonii.

238 1318 302 1393 25:
329 1315 392 1382 xiii.
411 1318 477 1392 33;
502 1314 604 1379 Hebr.
621 1338 651 1380 v.
670 1317 701 1381 5.
743 1315 776 1379 Is
806 1323 912 1380 autem
941 1314 1082 1380 Psalmns
1106 1336 1200 1403 rogeo
1229 1331 1336 1378 omnes

237 1414 393 1491 hortatur,
413 1422 449 1480 nt
466 1412 529 1479 Dei
544 1413 640 1478 filium
657 1413 870 1480 venerabundi
886 1413 1073 1499 emcipiant:
1097 1414 1157 1478 hoc
1175 1421 1233 1488 eat,
1250 1420 1286 1478 ut
1302 1433 1336 1477 se

237 1513 394 1578 ministros
417 1512 447 1577 ei
471 1511 650 1588 exhibeant,
677 1532 741 1596 qua
762 1532 854 1599 reges
875 1521 948 1577 eunt
975 1511 1099 1588 scilieet,
1121 1518 1158 1576 nt
1182 1519 1267 1576 recte
1282 1532 1337 1575 ex·

237 1610 332 1698 plicat
348 1609 550 1698 Augrmtinuo,
577 1608 663 1695 cujus
678 1610 776 1675 verbe
798 1609 841 1674 ad
861 1611 942 1674 hanc
955 1630 1022 1675 rem
1037 1608 1225 1695 pertinentia
1241 1629 1337 1695 appo-

71 1730 214 1816 ffiffi,
238 1731 330 1775 nam:
365 1712 408 1775 Ia
433 1712 492 1774 hoc
524 1730 621 1793 repca,
646 1712 732 1775 cicot
764 1711 810 1774 cia
839 1710 999 1774 divinitae
1032 1709 1239 1794 praecepitur,
1264 1709 1338 1772 Deo

178 1801 183 1812 ’
217 1803 391 1884 'tameat
408 1810 445 1873 ia
462 1820 620 1891 quantam
639 1829 728 1893 repca
752 1820 837 1885 eant,
862 1810 894 1873 ei
914 1810 952 1872 in
968 1808 1138 1893 reyno'euo
1154 1807 1341 1890 boncjube«

237 1919 305 1983 ont,
323 1909 416 1972 mola
425 1907 630 1993 prohibeant,
648 1929 711 1972 aon
723 1908 827 1972 colum
839 1929 910 1989 quae
921 1909 1085 1991 pertinent
1098 1909 1144 1970 od
1159 1907 1337 1970 humanam

237 2008 430 2082 accietotem,
448 2027 558 2072 omum
575 2009 676 2071 ctiam
693 2028 763 2089 quoe
774 2008 940 2091 portinent
964 2008 1011 2070 ad
1033 2008 1183 2070 divinam
1207 2006 1336 2090 religio-

72 2112 203 2199 Mffl„
237 2128 318 2172 acm.
369 2104 416 2171 Et
440 2103 529 2169 alibi:
560 2106 724 2186 Quomodo
750 2126 824 2191 erqo
845 2127 933 2191 royac
957 2106 1099 2170 Domino
1128 2105 1271 2170 navium
1300 2105 1337 2167 in

72 2206 81 2246 ¹
123 2208 217 2245 W·
239 2207 362 2281 timore,
386 2206 453 2270 aiei
477 2225 526 2278 eo,
553 2226 624 2289 quoe
649 2216 764 2269 contra
778 2205 877 2288 juano
902 2205 1040 2269 Domini
1055 2207 1152 2287 fiunt,
1181 2204 1339 2287 talipiaco

237 2306 408 2370 teneritate
418 2304 619 2389 probibendo
640 2315 737 2387 atqua
755 2304 950 2389 plectendo?
1000 2304 1106 2368 Aliter
1131 2303 1216 2368 caim
1238 2303 1338 2368 cavit

236 2426 303 2488 quo
324 2405 417 2468 leonto
440 2415 495 2477 eet,
518 2403 617 2467 alitor
639 2425 707 2488 qua
732 2425 791 2468 rac
812 2414 866 2468 eet.
908 2402 1005 2466 Mox:
1033 2404 1076 2467 Ιιι
1093 2403 1152 2466 boc
1174 2423 1248 2486 erqo
1271 2422 1337 2464 cer-

236 2505 329 2567 oium
346 2503 489 2566 Domino
504 2522 602 2585 repca,
619 2503 656 2565 in
674 2514 832 2586 quantum
848 2512 923 2564 eant
940 2521 1038 2584 repca,
1057 2521 1129 2564 cum
1151 2501 1338 2583 eufaciuttt

237 2602 284 2665 ud
300 2601 505 2666 amacium
521 2600 584 2674 illi,
611 2620 682 2681 quoe
698 2621 762 2663 eoa
773 2609 911 2684 ροιοιιιιι
918 2599 1035 2683 facere
1054 2598 1123 2661 aiei
1138 2618 1234 2682 rogeo.

281 2766 293 2796 ¹
307 2767 484 2826 Argumentum
494 2764 567 2821 irtud,
578 2768 606 2811 ut
617 2767 642 2812 et
653 2764 723 2825 plura
732 2778 762 2811 ex
812 2768 900 2825 potest,
911 2778 990 2825 neque
1004 2766 1093 2812 ballum
1108 2779 1179 2813 omne
1194 2766 1336 2814 Christiania

237 2841 400 2901 sequentibus,
416 2839 616 2899 pereeequldem
632 2843 658 2885 et
672 2839 762 2885 directe
812 2840 913 2885 vetitum
934 2854 995 2887 eoae.
1026 2840 1080 2887 Huc
1096 2842 1156 2888 fecit
1175 2856 1223 2889 non
1241 2847 1336 2890 tanturn

238 2930 267 2962 eo
287 2920 381 2961 tantum
401 2915 513 2975 pertinet,
530 2918 559 2959 ut
576 2913 687 2973 capitalia
703 2926 762 2973 cup·
812 2913 874 2958 ratio
882 2914 914 2959 ab
924 2916 1031 2960 Auctore
1041 2915 1122 2960 adlata
1135 2929 1201 2964 num.
1217 2919 1254 2973 13,
1268 2917 1338 2964 letius

237 2989 309 3050 plicia
317 2989 349 3034 ab
360 2987 491 3047 Evangelio
506 2999 554 3032 non
566 2986 619 3032 tolli
633 2987 761 3045 probetur:
812 2989 964 3048 paragraphi,
976 2990 1018 3035 aed
1033 2990 1104 3036 etiam
1121 2991 1185 3050 quod
1200 3005 1257 3037 utne
1272 2992 1337 3051 capl-

238 3076 319 3109 werum
336 3076 380 3122 per
398 3060 591 3121 concoquentlam
607 3061 662 3107 hinc
676 3061 762 3107 deduci
812 3061 1339 3123 talinmtnppliciornmnonmlnutrldeatur

292 3285 309 3334 2
331 3280 389 3334 But
398 3278 462 3334 how
472 3280 509 3334 do
518 3279 599 3351 hingo
608 3296 706 3335 secane
714 3296 801 3351 peace
812 3281 869 3334 and
880 3281 1056 3352 tranquillity
1065 3286 1097 3336 to
1108 3278 1187 3336 their
1198 3280 1338 3350 subjecto?

237 3363 305 3419 Thia
324 3365 361 3420 he
380 3365 501 3430 teuchos,
522 3367 606 3421 Rom.
626 3367 682 3421 xiii.
705 3372 731 3430 4,
755 3366 800 3420 Ha
813 3367 837 3420 ie
850 3368 892 3422 the
905 3367 1026 3422 minister
1043 3367 1077 3439 os
1094 3365 1158 3420 God
1175 3375 1201 3421 ιο
1221 3368 1275 3420 thee
1283 3369 1339 3436 sor

236 3450 312 3519 qood,
321 3453 366 3515 dte.
403 3451 457 3504 Tite
474 3453 565 3505 :word
577 3452 688 3522 impliee
703 3452 742 3505 all
759 3452 927 3523 controlling
943 3468 1045 3523 power,
1059 3468 1090 3505 aa
1107 3451 1166 3505 aleo
1178 3453 1338 3506 eometimee

237 3550 341 3604 among
356 3533 405 3588 tho
419 3536 438 3589 J
440 3536 539 3600 uriete3
557 3536 609 3590 but
623 3536 691 3600 etill,
704 3538 734 3590 in
748 3536 817 3590 euch
832 3553 851 3590 a
868 3552 986 3591 manner
1000 3536 1063 3590 that
1079 3535 1129 3590 the
1143 3535 1255 3605 highest
1268 3535 1338 3588 kind

237 3619 271 3673 of
284 3617 347 3674 that
360 3635 463 3690 power,
478 3619 527 3674 the
544 3620 636 3674 actual
651 3636 702 3674 uae
716 3621 750 3673 of
764 3619 815 3674 the
832 3621 930 3683 eword,
955 3615 1029 3689 [that
1047 3620 1080 3683 ie,
1098 3619 1201 3690 capital
1221 3619 1338 3689 punish-

236 3711 316 3758 ment
329 3703 387 3758 and
399 3699 475 3772 wan]
490 3704 576 3759 ienot
590 3703 735 3759 excludad.
767 3704 835 3759 't'hie
849 3705 930 3775 place
942 3705 965 3758 ie
977 3704 1134 3758 illustrated
1143 3703 1180 3774 by
1189 3703 1284 3758 Pealm
1299 3705 1339 3768 ii,

235 3789 325 3844 which
340 3789 448 3860 though
464 3789 581 3866 varilled
591 3790 621 3842 in
635 3788 728 3844 David
738 3788 789 3843 hae
804 3806 823 3842 a
833 3789 918 3843 fuller
929 3787 1179 3860 accompliehmcnt
1191 3790 1220 3842 in
1234 3788 1336 3844 Christ.

237 3875 304 3946 [See
314 3873 363 3929 the
374 3891 503 3946 passages
515 3875 544 3927 in
556 3874 623 3930 Acte
634 3874 690 3929 and
699 3870 854 3945 Hebron]
888 3874 962 3931 That
970 3875 1064 3930 Pealm
1076 3873 1188 3930 exhorta
1197 3874 1246 3928 the
1257 3875 1340 3948 kinge

237 3963 271 4018 oi
278 3960 327 4015 the
341 3960 422 4014 earth
436 3967 466 4015 te
480 3960 533 4014 to:
547 3962 588 4015 tlte
600 3961 656 4016 Soa
667 3962 713 4016 lect
727 3962 757 4015 ιο
771 3961 800 4016 be
811 3979 917 4032 anpcy:
937 3960 1001 4015 that
1015 3962 1047 4024 ie,
1061 3966 1091 4015 to
1106 3960 1142 4015 do
1160 3960 1219 4013 him
1234 3963 1339 4016 service

237 4048 266 4102 in
280 4045 355 4101 their
366 4047 493 4118 capacity
504 4046 538 4100 of
549 4047 638 4118 hingo.
672 4045 739 4114 [See
753 4045 802 4102 the
813 4062 943 4118 paeeagee
957 4045 1061 4117 quoted
1073 4045 1147 4100 from
1159 4043 1339 4115 augentine]

295 4136 312 4186 3
331 4130 374 4199 (ι)
389 4130 450 4188 The
465 4131 567 4187 second
582 4149 698 4204 passage
718 4133 751 4196 ie,
767 4132 830 4188 thet
844 4133 960 4203 already
973 4132 1067 4204 partly
1082 4131 1165 4192 cited,
1179 4132 1261 4185 Rom.
1279 4134 1337 4188 xiii.

240 4217 567 4290 Ἠιοιιιοιιοροιυινιιιι
585 4217 701 4291 ofGod.
736 4217 1339 4290 Thapowmthotbcareordaiaedostiod,

237 4309 301 4368 tta:
320 4303 433 4359 whence
445 4304 494 4358 tho
509 4304 617 4374 apoetle
636 4303 723 4358 infera
738 4303 800 4358 that
820 4320 861 4360 we
877 4320 927 4358 are
948 4309 978 4358 to
999 4303 1073 4373 obey
1086 4302 1143 4356 and
1157 4300 1269 4356 honour
1290 4301 1339 4358 the
