2866 4906
223 174 288 241 152
516 182 632 240 unum
652 182 836 240 resumo
856 180 1029 240 ncrnux„
1208 178 1321 254 [amn

221 349 342 438 perium
358 368 397 415 ac
412 346 606 434 majestatem
618 368 813 425 conservare,
829 356 866 413 ιιι
879 347 912 412 iu
925 347 1046 414 ioedere
1057 344 1235 412 AEtolornm
1251 371 1321 414 cum

222 449 373 514 Remmia
397 459 476 524 erat,
501 449 535 513 id
551 459 609 526 est,
634 459 701 512 tum
716 468 843 533 operam
859 447 947 521 darc,
964 458 1000 513 ut
1019 446 1088 530 ejus
1102 445 1265 532 imperium
1287 449 1322 512 iu

221 559 292 614 tuto
311 548 362 624 ait,
384 555 453 613 tum
468 555 505 613 ut
525 547 672 635 dignitas,
690 568 761 632 qua
783 547 953 632 majestatis
976 546 1100 610 nomine
1118 545 1322 633 significatur,

61 665 167 705 ⁶0²2
222 647 252 712 ei
268 655 398 712 constet.
441 646 569 732 Imperii
584 645 794 711 reverentiam
809 645 891 711 dixit
907 645 1043 721 Tacitus,
1059 654 1094 709 ct
1108 666 1152 708 nc
1166 645 1322 732 explicat:

221 749 307 813 Sede
325 747 511 831 finibusque
538 748 574 808 in
607 767 686 810 aaa·
701 747 791 829 ripa,
825 759 926 811 mente
952 746 1125 829 animoque
1155 748 1323 810 nobiscum

60 875 187 916 narem
221 858 334 931 ayunt.
380 844 511 909 Florus:
536 845 597 908 Illi
621 866 743 929 quoquc
767 845 896 925 reliqui,
919 847 978 930 qui
1002 846 1159 908 immanet
1188 846 1322 929 imperii

56 923 118 962 ἠ
221 957 326 1020 eram,
351 945 528 1009 sentiebant
545 956 655 1008 temen
676 945 944 1027 muqaitudinem,
961 955 993 1008 et
1012 945 1164 1008 oietmcta
1177 946 1322 1027 paudum

216 1044 377 1129 populum
401 1046 586 1109 Romanum
602 1043 852 1115 accubantum
872 1043 915 1106 ad
931 1041 1015 1127 quod
1034 1062 1135 1128 ςοιιιιι
1155 1041 1323 1108 referenda

222 1152 295 1207 sunt
307 1142 382 1228 jura
398 1141 540 1226 quadam
557 1161 675 1216 eorum,
692 1161 763 1226 qna
776 1162 859 1204 nunc
875 1149 1026 1205 vocantur
1040 1138 1247 1225 protectionis,
1263 1141 1320 1206 ad-

223 1241 363 1316 vocatia,
386 1239 615 1306 mundiburdii:
640 1239 715 1304 item
732 1237 787 1323 jus
802 1238 926 1304 urbium
946 1238 1110 1303 matricum
1131 1239 1165 1302 in
1185 1238 1321 1303 colonias

57 1353 210 1401 aarum
221 1339 305 1426 apud
322 1340 461 1407 Gmcos.
509 1338 601 1413 Nam,
618 1348 655 1402 ιιι
670 1337 872 1424 Thucydides
892 1337 948 1415 ait,
966 1336 1093 1403 colonita
1106 1359 1176 1402 cum
1191 1337 1320 1403 urbibus

221 1438 402 1504 matricibus
416 1435 485 1523 pari
500 1445 593 1502 erant
602 1437 677 1522 jure
695 1436 860 1513 libertatis,
877 1437 933 1501 sed
953 1435 1110 1501 debebant
1134 1440 1234 1524 τιμᾷν
1258 1433 1325 1516 τήν

221 1533 440 1699 μηιῖρόπολέν,
453 1544 487 1600 ct
497 1535 647 1599 exhibere
663 1531 816 1697 rssdgg'lpe
830 1531 878 1603 ‘ra'
895 1530 1097 1628 νομιζόμενα,
1111 1535 1320 1601 reverentiam

220 1636 264 1700 aci
277 1636 337 1700 'cet
352 1643 386 1700 et
419 1634 523 1698 onoris
538 1633 629 1720 signa
644 1655 686 1717 qn
788 1682 798 1699 .

58 1757 210 1798 natm
298 1735 319 1798 2
353 1732 461 1797 Liuius
483 1732 523 1797 de
541 1733 641 1796 veteri
658 1731 775 1797 loedere
796 1732 879 1797 inter
895 1735 1062 1810 Romanoa,
1087 1733 1141 1821 qui
1161 1733 1251 1801 albe
1267 1733 1322 1820 jus

222 1852 313 1897 omne
329 1839 524 1917 aoeeperant
546 1840 580 1895 et
596 1829 723 1894 Latinos
738 1831 821 1896 Alba
835 1831 1000 1898 oriundos:
1026 1836 1068 1898 In
1084 1836 1254 1919 ecfodere
1267 1856 1320 1899 au-

57 1933 332 2039 ypffiperior
352 1933 505 1996 Romana
530 1952 581 1995 res
600 1941 681 1994 erat.
733 1929 835 1995 Recte
859 1931 1054 1997 Andronicus
1077 1932 1227 2007 Rhodius,
1248 1930 1325 2018 post

193 2024 198 2034 ’
221 2030 432 2104 Aristotelem,
446 2028 589 2094 amicitiae
602 2028 684 2091 inter
694 2027 834 2114 dispares
846 2031 905 2094 hoc
921 2031 966 2096 ait
982 2032 1151 2118 proprium,
1166 2041 1202 2096 ut
1212 2040 1320 2116 poten

221 2127 293 2194 tiori
318 2128 388 2214 plus
411 2127 548 2202 honoris,
573 2126 735 2191 infirmiori
756 2127 826 2213 plus
857 2129 964 2194 anxilii
989 2130 1158 2197 deleratur.
1199 2129 1318 2194 Scimus

58 2250 202 2293 cmm
220 2228 296 2313 quid
309 2228 351 2292 ad
365 2228 445 2292 hanc
459 2225 659 2313 quaestionem
676 2226 826 2291 Proeulm
839 2229 1045 2314 responderit,
1062 2230 1177 2295 scilicet
1189 2228 1318 2293 liberum

54 2300 198 2436 &a
222 2349 289 2391 case
299 2326 456 2413 populum,
469 2325 524 2410 qui
540 2324 652 2389 nullius
668 2323 798 2390 alterius
807 2327 955 2412 potestati
971 2328 1127 2413 subjectus
1142 2327 1195 2405 sit,
1212 2326 1319 2392 etiam

220 2425 296 2490 siin
308 2425 426 2490 foedere
446 2424 702 2510 comprehensum
724 2423 775 2500 sit,
798 2435 836 2489 ιιι
858 2425 1033 2512 ispopulus
1051 2427 1181 2493 comiter
1191 2425 1319 2491 alterius

219 2524 326 2610 populi
343 2523 536 2610 majestatem
562 2531 772 2587 conservaret
824 2524 858 2589 si
881 2545 959 2612 ergo
978 2525 1109 2612 populus
1127 2525 1185 2590 tali
1202 2524 1320 2591 t‘oedere

263 2701 429 2761 ‘Legendum
440 2715 493 2746 cum
506 2697 744 2746 Hanoaxnnozh'e-
793 2704 887 2749 αιιιιιι.
918 2701 974 2748 Yid.
989 2701 1081 2748 ntuetr.
1098 2701 1318 2749 Semnasnoro.

218 2789 263 2832 que
271 2776 363 2821 ritibus
372 2776 439 2820 nobis
445 2789 519 2833 pum
528 2779 591 2827 mat,
601 2771 644 2819 dxc.
661 2773 687 2818 J.
698 2773 730 2818 B.
793 2776 863 2821 Reae
880 2789 910 2823 ιι.
927 2780 964 2823 17.
978 2791 1035 2836 pag.
1049 2776 1104 2836 452]
1127 2778 1169 2835 qui
1184 2778 1319 2835 «trinepos

265 2849 327 2895 'Sic
338 2845 666 2908 populisoedereiat‘eriom]
683 2847 746 2892 b'ide
794 2851 879 2910 auique
893 2851 956 2909 juris
983 2851 1063 2896 Persis
1087 2850 1230 2906 militabant,
1255 2852 1320 2910 apud

218 2925 371 2970 Cardinalem
406 2924 527 2970 Tuschum
562 2935 603 2969 rr.
634 2923 746 2969 conclud.
794 2926 926 2984 Agathiam
936 2926 998 2972 libro
1009 2938 1048 2971 ιιι.
1059 2930 1125 2984 (cap.
1135 2926 1170 2980 8.)
1185 2926 1225 2970 Sic
1237 2926 1320 2972 Irenea

218 3009 245 3042 ro
254 3011 318 3043 cccc
328 3010 416 3044 xxxv.
457 2997 601 3055 Exemplum
627 2997 700 3041 habea
720 2997 745 3041 iu
794 3001 918 3045 consilinm
939 3001 993 3056 init,
1007 3001 1070 3045 iuter
1088 2999 1167 3044 mariti
1181 2999 1270 3044 liberos
1285 3000 1321 3045 ita

217 3071 358 3126 Dilimnitis,
373 3071 424 3132 [vel
436 3071 573 3127 Dolomitis,
588 3076 617 3116 ut
631 3071 687 3117 alibi
704 3085 746 3117 ro·
794 3071 879 3129 partiri
888 3071 1022 3131 imperium,
1033 3076 1060 3115 nt
1073 3074 1129 3128 post
1143 3072 1213 3113 natos
1227 3069 1320 3115 faceret

216 3321 249 3377 oi
261 3321 310 3377 the
324 3328 453 3395 compact
471 3323 548 3394 gives
568 3339 585 3376 a
605 3328 772 3394 permanent
784 3321 958 3393 precedcnce
969 3328 1001 3376 to
1016 3338 1069 3376 ono
1080 3319 1113 3375 oi
1126 3317 1175 3374 the
1196 3318 1316 3390 parties:

215 3408 296 3462 when
317 3409 363 3463 for
382 3411 518 3473 instance,
537 3409 586 3463 the
601 3426 656 3462 one
671 3415 753 3479 party
772 3409 795 3460 is
811 3407 909 3461 bound
927 3416 957 3463 to
971 3423 1101 3479 preserve
1113 3406 1161 3460 the
1175 3404 1318 3475 authority

215 3493 272 3546 and
284 3495 401 3566 majesty
416 3496 448 3548 of
459 3496 508 3549 the
519 3494 609 3559 other,
621 3511 651 3548 as
663 3511 717 3547 was
730 3491 779 3548 the
794 3510 857 3548 caso
870 3495 899 3546 in
910 3493 959 3548 the
973 3493 1072 3563 league
1087 3492 1120 3547 of
1131 3492 1179 3546 the
1191 3491 1318 3545 Etolians

213 3577 281 3631 with
293 3578 342 3632 tho
354 3581 487 3633 Romans.
521 3576 588 3649 [Sec
603 3580 652 3633 the
664 3579 843 3649 explanation
856 3580 885 3632 in
900 3578 949 3633 the
961 3577 1044 3644 text]
1074 3578 1117 3631 To
1131 3578 1187 3631 this
1198 3576 1321 3631 relation

214 3678 262 3715 aro
282 3663 406 3716 referred
426 3664 500 3716 what
520 3682 569 3717 are
588 3665 677 3718 called
698 3665 747 3719 the
768 3663 870 3734 Rights
892 3664 925 3717 of
943 3666 1147 3727 Protectorate‚
1161 3662 1317 3731 Adrocacy‚

213 3745 381 3817 Patronage,
395 3748 451 3800 and
466 3748 515 3803 the
533 3749 634 3818 Rights
652 3750 685 3803 of
703 3749 751 3803 tho
768 3748 973 3804 biother-cities
992 3751 1021 3802 in
1037 3750 1144 3803 Grcece
1159 3763 1226 3802 over
1243 3747 1318 3800 their

213 3831 352 3885 colonica.
381 3828 448 3900 [See
460 3830 660 3904 Thucydides]
693 3836 732 3888 So
748 3834 797 3888 tho
811 3835 911 3905 leaguo
925 3835 1053 3889 between
1062 3834 1135 3888 Alba
1147 3833 1202 3887 and
1215 3834 1316 3887 Rome.

268 3921 285 3968 2
314 3915 382 3969 This
405 3918 429 3970 is
454 3917 503 3972 tho
526 3918 734 3974 characteristic
757 3920 790 3973 of
813 3937 850 3973 an
872 3920 991 3973 aliiauce
1014 3920 1141 3973 between
1164 3917 1317 3988 uneqnals3

211 3999 274 4055 that
288 3999 337 4055 tho
348 4007 460 4071 greater
474 4003 555 4058 share
569 4004 603 4058 οι
611 4021 704 4074 power
715 4021 782 4075 goes
794 4012 823 4058 to
839 4004 888 4059 the
899 4013 1036 4075 stronger‚
1048 4005 1097 4058 the
1111 4011 1223 4074 greater
1234 4002 1317 4056 share

211 4087 245 4141 of
256 4086 515 4157 advantagetothe
530 4090 646 4143 weoker.
685 4086 872 4159 [Andronicus
889 4088 1041 4155 Rhodius]
1069 4087 1167 4143 Anda
1180 4088 1317 4159 peopleia

209 4173 271 4227 free
284 4172 372 4228 which
384 4174 408 4227 is
422 4181 473 4227 not
487 4173 576 4227 under
589 4172 638 4227 tho
653 4191 748 4244 power
762 4175 795 4228 oi
805 4192 861 4246 any
878 4175 968 4240 other,
983 4192 1052 4229 cren
1065 4174 1173 4244 though
1185 4172 1265 4227 thore
1279 4173 1317 4226 be

210 4276 228 4313 a
238 4259 338 4330 ieagne
352 4261 381 4312 in
394 4258 483 4313 which
495 4260 518 4311 it
530 4259 552 4312 is
569 4258 721 4327 stipulated
735 4259 798 4313 that
816 4262 839 4313 it
853 4260 926 4314 shall
941 4277 1071 4329 preserve
1090 4259 1140 4313 the
1155 4260 1272 4328 majesty
1287 4258 1320 4312 of

209 4345 330 4400 another
343 4345 459 4417 peoplo:
482 4339 523 4414 [as
538 4343 673 4398 Proculus
688 4341 893 4414 pmnonucod]
926 4345 1010 4398 Since
1025 4345 1168 4417 therefore
1183 4361 1201 4397 a
1214 4343 1328 4414 people.
