2866 4906
130 240 200 299 cir.
213 233 280 304 1v.]
519 240 562 296 ru
584 241 835 297 surumonns.
1167 231 1230 294 185

133 401 221 471 officii
247 401 442 470 necessitudo
461 400 537 470 nulli
559 403 625 468 loco
641 401 770 492 alligat:
796 401 898 468 2ultra
913 400 1018 490 fugam
1043 399 1129 468 nihil.
1172 401 1230 466 Pe
1243 416 1395 502 ,imiimi

133 512 201 573 trus
229 524 305 567 vero
334 501 492 568 Christum
522 501 566 568 aii
586 524 656 567 cum
676 510 848 589 pateretur,
870 501 959 568 nobis
989 500 1151 586 reliquisse
1178 523 1232 566 ex·

133 601 269 689 emplum
296 600 379 686 quod
406 622 581 686 sequamur,
609 601 663 686 qui
693 623 762 666 cum
788 610 915 687 peccato
941 608 1078 677 vacaret,
1110 608 1144 666 et
1168 599 1232 665 doli

134 700 233 767 omnis
258 699 403 765 immunis
425 708 515 776 esset,
540 700 674 766 conntia
699 699 841 766 convitiis
866 721 929 765 uon
956 698 1105 784 reposuit,
1131 720 1233 785 neque

133 799 216 866 inter
232 798 412 886 patiendum
428 798 563 864 minatus
580 808 637 876 est,
654 800 711 864 sed
726 821 794 864 rem
809 798 950 885 permisit
965 797 1052 885 juste
1068 797 1231 883 judicanti.

136 900 225 965 Idem
239 898 360 987 matius
381 898 520 985 agendas
542 899 612 965 Deo
638 897 693 975 ait,
716 908 749 964 et
770 899 969 986 gaudendum
987 896 1180 973 Christianis,
1206 897 1234 963 si

135 1008 283 1085 tauquam
309 996 477 1064 Christiani
496 997 594 1084 poenis
618 997 800 1064 subdantur.
852 998 898 1063 Et
920 999 979 1063 hac
998 994 1133 1061 maxime
1155 996 1234 1085 pati·

136 1097 219 1164 entia
234 1096 401 1163 invaluisse
419 1096 625 1163 Christianam
642 1096 824 1184 religionem
840 1097 981 1185 legimus.

211 1199 232 1263 9
268 1198 374 1276 Quare
402 1195 587 1262 Christianis
612 1197 779 1273 veteribus,
803 1196 856 1282 qui
878 1206 1019 1264 recentes
1045 1200 1087 1266 ab
1110 1204 1233 1284 aposto·

135 1297 236 1363 lorum
258 1304 292 1361 et
315 1295 552 1383 apostolicorum
577 1295 714 1362 virorum
742 1295 904 1383 disciplina
924 1318 1031 1363 eorum
1051 1295 1234 1385 praescripta

136 1406 169 1462 et
183 1393 400 1483 intelligebant
418 1394 538 1474 mehus,
565 1403 598 1461 et
624 1394 790 1482 perfectius
816 1396 997 1482 implebant,
1021 1418 1171 1463 summam
1186 1394 1232 1458 iu-

132 1493 249 1582 juriam
262 1493 329 1560 fieri
344 1503 420 1581 puto
441 1493 482 1559 ab
499 1493 546 1570 iis,
573 1495 626 1581 qui
642 1516 705 1582 quo
721 1494 822 1560 minus
838 1495 897 1582 ipsi
914 1517 948 1561 se
972 1495 1174 1563 defenderent
1200 1493 1232 1558 in

136 1592 305 1660 certissimo
322 1593 431 1659 mortis
456 1593 602 1681 periculo,
621 1593 704 1660 vires
721 1603 834 1681 putant
850 1593 919 1671 illis,
938 1616 1001 1661 uon
1025 1594 1160 1661 animum
1179 1593 1231 1659 de-

135 1693 240 1763 tuisse.
290 1693 476 1780 Imprudens
493 1702 579 1759 certe
599 1702 632 1759 et
648 1693 811 1780 impudens
833 1694 942 1760 fuisset
958 1694 1179 1770 Tertullianus,
1205 1691 1231 1757 si
1244 1716 1367 1766 apuam.

135 1793 218 1880 apud
236 1795 454 1880 Imperatores,
473 1792 526 1878 qui
546 1794 613 1879 ojus
635 1792 682 1858 rei
704 1792 806 1881 ignari
829 1815 896 1858 esse
918 1815 980 1860 non
1004 1800 1162 1882 poteraut,
1187 1792 1233 1858 ita

135 1892 325 1960 confidenter
345 1913 439 1958 ausus
459 1901 542 1959 esset
562 1891 705 1958 mentiri:
743 1894 783 1958 Si
805 1896 890 1959 enim
912 1895 1015 1960 hostes
1041 1906 1071 1959 ct
1093 1904 1232 1978 apertos,

134 2014 198 2060 uon
224 2004 351 2058 tautum
375 1993 518 2059 uindices
543 1994 683 2059 occultos
707 2014 803 2078 apere
822 1994 982 2069 velamus,
1007 1995 1126 2058 demeat
1142 1993 1234 2058 nobis

133 2094 184 2158 uis
211 2114 418 2158 numerorum
439 2104 470 2158 et
493 2091 692 2178 copiarum?
740 2093 863 2158 Plures
883 2095 1041 2157 nimirum
1058 2094 1181 2156 Mauri
1203 2101 1234 2156 et

134 2192 378 2265 Marcomanni,
396 2192 522 2277 ipsimae
533 2193 670 2268 Parthi,
683 2193 735 2257 vel
745 2203 998 2277 quamtacunque
1010 2193 1108 2255 unius
1127 2202 1234 2255 tamen

135 2292 199 2357 loci
214 2302 246 2356 ct
267 2312 400 2356 sumum
417 2293 537 2374 finium
552 2302 669 2376 peotes,
693 2293 912 2377 quamtotius
929 2291 1046 2356 orbis?
1090 2289 1234 2355 Eutermi

133 2411 255 2466 mimus,
278 2402 310 2455 et
323 2401 433 2456 cestra
450 2393 562 2456 munia
578 2391 791 2474 implevimus,
813 2392 916 2465 urbas,
933 2389 1071 2465 insulas,
1087 2390 1233 2463 castella,

134 2491 328 2574 municapia,
354 2491 588 2569 conciliabula,
611 2502 726 2556 caetra
742 2492 828 2574 ipsa,
852 2491 966 2564 tribea,
989 2490 1152 2563 decurias,
1168 2509 1233 2572 pa-

135 2589 266 2666 latium,
299 2600 457 2665 senatum,
483 2591 621 2672 sorum:
657 2590 729 2655 sola
756 2589 847 2653 vobis
880 2589 1069 2673 reliquimus
1103 2587 1234 2671 templa.

136 2689 203 2754 Cui
219 2688 300 2754 ballo
316 2709 381 2753 uon
396 2689 514 2764 iduum
540 2710 605 2753 uou
622 2688 772 2773 prompti
787 2689 978 2772 ficiemmus,
1005 2689 1105 2752 etiam
1130 2686 1235 2769 copim

135 2788 288 2874 impares,
311 2789 456 2873 quitum
480 2787 614 2853 libenter
634 2789 850 2863 trucidamur,
876 2789 908 2852 si
932 2808 996 2852 acu
1018 2787 1110 2870 apttd
1133 2786 1235 2849 istam

13 3004 18 3014 Ι
134 2949 253 2996 wasers
275 2947 413 3008 imperantis
431 2945 505 2992 raus.
535 2944 587 2991 Nec
610 2944 660 2991 λα
708 2958 762 3004 quse
772 2943 842 3000 inire,
852 2943 905 2991 Lib.
917 2956 946 2991 11.
957 2956 1009 3002 cap.
1021 2940 1112 3002 1,§ix.

134 3023 216 3070 mlius
224 3023 264 3068 sui
274 3026 308 3068 ert
317 3019 491 3075 catamito,
499 3033 545 3078 pro
557 3033 603 3065 uuo
618 3033 659 3065 ca·
752 3027 763 3053 ⁰
777 3020 915 3065 Artabano
935 3017 1025 3076 Persa]
1048 3017 1122 3076 Apud
1138 3015 1235 3062 Plutar-

130 3097 183 3157 pits
191 3101 225 3144 toi
232 3096 311 3143 millia
320 3095 427 3155 arripere
429 3093 533 3154 fenum,
541 3107 572 3139 oc
581 3093 661 3140 multu
709 3094 779 3142 chum
795 3093 952 3141 immuteris.
968 3092 1038 3152 (Pag.
1050 3094 1094 3138 125
1104 3091 1140 3149 a.)

134 3173 247 3220 mortibus
261 3185 333 3217 mam
347 3171 451 3216 assim
466 3168 587 3225 redimere,
603 3182 660 3214 nou·
754 3170 764 3200 ²
779 3170 877 3216 Dictum
895 3168 986 3216 Christi
1001 3168 1071 3214 unice
1085 3167 1192 3227 pertinet
1203 3166 1234 3211 ud

134 3248 322 3310 mummia
331 3251 353 3293 et
362 3244 471 3292 irwalidi.
506 3243 660 3304 Quemadmo-
709 3245 850 3304 Apostolos,
870 3248 898 3290 ut
922 3246 991 3302 putet
1015 3256 1046 3287 ex
1070 3241 1234 3299 sequentibus.

134 3323 189 3370 ἀοι
197 3328 271 3371 totum
282 3335 368 3384 corpus
378 3321 457 3366 animo
471 3319 570 3367 deserum
583 3319 660 3380 (quod
710 3320 804 3366 Auctor
814 3319 864 3378 ipse
874 3332 900 3363 se
910 3316 1005 3372 refellit,
1013 3315 1109 3375 quando
1117 3315 1140 3359 in
1150 3314 1235 3360 Adno-

134 3400 213 3460 ipsum
227 3400 278 3446 late
292 3399 326 3445 rbi
341 3397 488 3457 exsequitur)
503 3397 539 3442 sic
552 3396 601 3442 itae
616 3396 660 3441 im·
710 3394 841 3440 titionibus
851 3392 956 3437 adhunc
969 3390 1049 3435 locum
1063 3389 1150 3435 Matth.
1160 3404 1184 3434 1.
1195 3391 1234 3448 23,

133 3487 213 3523 naua
226 3474 352 3522 malado
366 3474 436 3521 unius
455 3474 540 3519 anima
560 3472 660 3518 circum-
710 3470 783 3514 verba
792 3468 833 3513 illa
847 3466 904 3511 solis
919 3465 1045 3524 Apostolia
1059 3463 1234 3521 adcommodat,

134 3553 193 3599 duta
206 3551 275 3599 illiue
288 3550 376 3611 spiritu
386 3550 484 3610 regitur,
493 3548 559 3595 illius
569 3548 662 3593 ratione
711 3552 736 3592 et
745 3544 801 3591 inde
811 3543 902 3587 fatetur
918 3554 965 3585 nou
981 3553 1050 3600 posse
1065 3545 1234 3599 argumentum

127 3628 368 3690 stadimprmuru
380 3625 461 3671 raiae
472 3624 593 3684 framura
601 3623 661 3669 uiri·
711 3620 774 3676 duci,
791 3617 821 3663 sd
840 3615 997 3664 definiendam
1015 3615 1179 3674 quaestionem,
1194 3617 1234 3661 An

133 3703 240 3760 tuarum,
251 3701 573 3749 miaieomilioruetineretur.
589 3697 663 3744 Suam
711 3698 798 3756 sponte
818 3693 903 3752 iugero
922 3691 1001 3748 liceat,
1021 3690 1121 3751 periculi
1141 3695 1235 3738 tuntum

134 3779 216 3839 itaque
224 3776 407 3825 incolomitatem
416 3779 505 3832 maur,
518 3780 562 3822 etc.
592 3773 663 3819 Adde
711 3769 801 3817 vitandi
811 3769 911 3814 mussa?
935 3768 963 3814 J.
973 3769 1006 3814 B.

133 3993 171 4067 hy
185 3993 278 4067 duty,)
294 3994 348 4050 hut
367 3993 487 4064 nothing
504 3992 616 4064 beyond
634 3990 723 4061 ssight.
762 3991 800 4044 So
819 3991 906 4043 Peter
924 4006 986 4060 says
1000 3988 1064 4043 that
1079 3988 1172 4043 Christ
1186 3988 1233 4040 has

134 4080 181 4154 lefl
193 4098 227 4137 ue
240 4099 279 4135 ou
289 4080 419 4152 suompte,
431 4085 445 4133 1
459 4080 522 4134 Pet.
536 4080 565 4132 ii.
580 4084 623 4141 21,
637 4077 694 4130 aud
709 4075 771 4130 that
784 4093 826 4129 we
841 4091 890 4128 are
901 4081 931 4129 to
944 4076 1045 4145 rejoice
1059 4075 1085 4129 if
1095 4092 1137 4129 we
1149 4071 1233 4127 suffer

134 4181 165 4220 aa
180 4167 343 4231 Christiane,
361 4172 375 4220 1
389 4167 454 4221 Pet.
466 4165 502 4219 ir.
518 4168 672 4229 12,13,14.
711 4160 775 4214 And
793 4161 831 4233 by
845 4160 915 4216 such
929 4162 1059 4232 patience
1076 4160 1125 4215 the
1140 4157 1232 4212 Chris·

134 4252 193 4308 tiau
206 4253 326 4324 religion
340 4268 416 4324 grew
426 4256 533 4322 strong.

187 4345 205 4396 9
234 4337 300 4392 And
324 4353 355 4393 so
379 4336 428 4392 the
452 4338 565 4390 ancient
591 4332 744 4387 Christiane
771 4330 870 4386 teach:
898 4333 1070 4398 Tertullien;
1096 4325 1233 4403 cypriant

131 4421 313 4489 Luetmtium
332 4423 496 4496 Augustino.
530 4419 598 4490 [See
611 4418 661 4474 tho
675 4412 826 4490 passages]
