2866 4906
225 160 290 230 ιιι
472 176 526 234 nn
548 178 662 234 nnnnr
684 177 828 243 onusrs,
850 178 899 233 nr
921 177 1080 234 rnruum
1200 174 1271 244 [nm.
1286 177 1325 232 11.

227 343 362 410 alienum
383 340 517 411 videtur.
570 345 652 410 Nam
673 344 774 410 honor
800 350 848 411 est
874 343 977 431 opinio
1003 342 1042 409 de
1066 340 1265 408 excellentia:
1290 349 1327 408 ιι

227 442 281 531 qui
298 443 392 509 talem
408 442 472 511 fert
487 442 642 530 injuriam,
665 443 692 509 is
717 443 886 530 patientem
908 465 942 508 se
962 442 1150 508 excellenter
1167 442 1323 508 ostendit:

226 552 321 628 atque
336 543 407 609 ideo
424 544 572 609 honorem
589 551 685 630 anget
701 543 809 632 magis,
827 563 920 628 quam
940 541 1068 607 minuit:
1093 563 1150 606 nec
1166 541 1277 617 refert,
1298 541 1326 607 si

227 643 354 727 quidam
381 650 526 729 corrupto
548 641 664 729 judicio
690 640 838 708 virtutem
862 641 943 707 hanc
968 639 1000 705 in
1022 640 1170 727 probrum
1187 638 1326 706 confictis

229 740 403 807 nominibus
419 743 607 807 traducant:
635 763 784 828 perversa
807 740 889 807 enim
910 740 964 806 illa
975 739 1094 826 judicia
1110 761 1167 804 neo
1184 761 1250 804 rem
1267 760 1325 805 nec

227 841 274 905 rei
292 839 525 906 :estimationem
543 839 715 906 immutant
768 839 836 906 Nec
853 839 1022 906 Christiani
1042 849 1164 905 veteres
1180 839 1239 904 hoc
1256 848 1326 904 tan-

228 948 295 1003 tum
312 939 466 1016 viderunt,
484 939 539 1005 sed
557 948 589 1006 et
603 939 787 1027 philosophi,
800 939 854 1027 qui
867 938 1014 1005 dixerunt
1028 937 1130 1026 pusilli
1146 960 1213 1003 esse
1230 937 1328 1003 animi

228 1038 444 1105 contumeliam
461 1039 544 1104 serre
561 1060 624 1103 non
640 1060 739 1125 posse,
756 1047 791 1104 ιιι
807 1038 881 1103 alibi
896 1037 1093 1104 ostendimus.

304 1140 326 1202 3
362 1137 447 1203 Hine
472 1137 566 1204 etiam
589 1138 696 1223 liquet,
720 1159 813 1224 quam
835 1159 898 1203 non
915 1138 1108 1224 probandum
1128 1136 1178 1216 sit,
1203 1139 1326 1224 quoda

64 1248 205 1296 mart-t
229 1234 385 1323 plerisque
412 1246 460 1303 est
487 1237 648 1317 traditum,
678 1236 885 1303 defensionem
913 1259 983 1302 cum
1013 1234 1228 1302 interfectione
1257 1259 1325 1303 esse

63 1274 194 1386 tillim
148 1351 173 1388 ι
230 1335 389 1418 licitam,
375 1358 449 1424 Jure
475 1336 590 1401 scilieet
615 1335 721 1403 divino
748 1337 833 1420 (nam
858 1335 898 1402 de
924 1335 990 1401 solo
1015 1343 1137 1401 naturae
1155 1334 1238 1423 jure,
1262 1359 1325 1423 quo

64 1389 217 1527 ζ’·,ξῆἆέιι
230 1433 330 1501 minus
354 1435 400 1501 ita
421 1434 471 1513 sit,
494 1457 556 1501 non
582 1435 718 1522 disputo)
742 1434 836 1501 etiam
852 1434 879 1499 si
895 1435 964 1521 quis
978 1434 1171 1523 fugeremne
1188 1435 1326 1523 periculo

63 1528 160 1622 *dm
168 1578 193 1617 1,
230 1534 338 1619 possit,
362 1533 436 1620 quia
451 1535 528 1622 suga
543 1532 682 1600 seilicet
674 1532 877 1648 ignominiosa
898 1533 948 1610 sit,
974 1533 1006 1598 in
1031 1532 1127 1599 nobili
1149 1533 1324 1620 prasertim

63 1620 139 1659 ‘'¹⁸''
126 1625 181 1667 ¹²
189 1626 218 1665 ¹⁴
175 1632 362 1710 „5homine
415 1633 516 1719 Atqui
542 1632 628 1698 nulla
651 1632 735 1698 hic
727 1632 894 1722 ignominis
916 1641 973 1709 est,
998 1632 1054 1698 sed
1077 1632 1156 1698 falsa
1179 1634 1324 1719 quaedam

63 1667 186 1762 &iffi
171 1673 406 1819 “ignominie
427 1731 540 1819 opinio,
562 1732 738 1819 spernenda
756 1732 798 1797 ab
818 1730 993 1797 omnibus”
974 1755 1021 1809 ns,
1046 1731 1099 1817 qui
1117 1731 1266 1798 virtutem
1291 1743 1324 1799 et

227 1829 410 1915 sapientiam
441 1839 620 1897 sectentur:
656 1852 718 1917 qua
744 1830 776 1895 in
809 1852 845 1896 re
871 1831 994 1919 gaudeo
1026 1852 1075 1896 me
1103 1832 1323 1898 assentientem

63 1950 207 1994 nauatae
227 1927 343 1996 habere
371 1929 454 1996 inter
479 1930 722 1996 Jurisconsultos
749 1929 895 1995 Carolum
922 1930 1111 1996 Molinaeum.
1163 1932 1257 2008 Quod
1283 1931 1324 1996 de

63 1997 186 2082 plepem
225 2027 318 2115 alapa
346 2036 380 2094 et
405 2029 482 2118 fuga
510 2029 586 2111 dixi,
614 2029 697 2095 idem
725 2029 842 2094 dietum
870 2028 940 2093 volo
970 2029 1009 2094 de
1037 2028 1106 2094 aliis
1129 2030 1234 2108 rebus,
1264 2052 1323 2117 per

226 2148 304 2213 quas
321 2150 397 2194 vera
411 2128 597 2195 existimatio
613 2149 675 2194 non
691 2127 826 2193 laeditur.
869 2127 993 2206 Quid
969 2150 995 2201 ιι
1013 2150 1088 2193 vero
1107 2127 1191 2194 dicut
1211 2128 1323 2216 aliquis

225 2227 266 2292 de
290 2227 388 2305 nobis,
414 2228 498 2316 qnod
523 2226 675 2293 creditum
697 2227 781 2314 apud
799 2227 895 2292 bonos
910 2226 1166 2293 existimationem
1183 2236 1322 2294 nostram

226 2324 412 2393 delibaret?
459 2327 555 2393 Hunc
586 2348 710 2413 quoque
736 2325 832 2392 oocidi
862 2347 952 2412 posse
979 2334 1052 2391 sunt
1081 2326 1135 2412 qui
1168 2327 1326 2394 doceant:

63 2444 203 2541 „1³53an
226 2425 371 2492 mendose
396 2427 572 2503 admodum,
590 2435 623 2491 et
639 2435 710 2491 cont
711 2447 748 2491 ra
764 2434 886 2491 naturae
902 2446 1025 2511 quoque
1042 2424 1111 2511 jus:
1138 2448 1210 2491 nam
1227 2426 1322 2491 inter·

150 2497 342 2590 ³⁷&sectio
333 2536 394 2591 :sta
410 2548 472 2591 non
489 2536 537 2591 est
554 2525 662 2590 modus
679 2534 771 2611 aptus
787 2523 829 2590 ad
846 2524 992 2589 tuendam
1010 2524 1277 2594 existimationem

270 2682 358 2730 ’vide
375 2697 455 2743 snpra,
471 2683 525 2730 Lib.
544 2696 563 2731 1.
580 2682 680 2742 euplii.
696 2680 747 2741 §2
844 2681 1153 2729 ιΕιιιιιιιιιιιαιιιιιι
1168 2682 1324 2745 Tabulam]

223 2761 323 2806 num.2.
353 2760 380 2806 J.
392 2758 424 2805 B.
800 2757 1002 2817 Addipotestler
1012 2756 1322 2817 Wisiqoctommlibrovn.

226 2992 257 3031 so
268 2976 406 3030 increeses
416 2974 459 3029 his
471 2974 582 3030 honour
593 2973 689 3029 rather
700 2975 770 3030 than
781 2974 952 3030 diminishes.
983 2975 1046 3029 Nor
1060 2974 1127 3030 does
1138 2974 1162 3029 it
1172 2974 1255 3030 make
1269 2992 1325 3047 any

225 3062 377 3116 differonce
388 3061 414 3114 if
425 3077 503 3116 some
514 3061 548 3115 os
559 3068 674 3131 corrupt
683 3061 833 3132 Judgment
845 3067 911 3115 turn
925 3061 981 3114 this
992 3060 1082 3115 virtue
1096 3061 1157 3114 into
1169 3077 1187 3114 a
1198 3061 1323 3132 disgrace

224 3148 263 3219 by
277 3146 405 3202 artificisl
418 3163 531 3202 names:
555 3146 601 3200 sor
618 3146 698 3201 those
710 3163 839 3218 pervorse
849 3147 1012 3218 judgments
1030 3145 1142 3201 neither
1152 3145 1260 3218 change
1274 3147 1323 3200 the

224 3234 284 3288 fact
298 3249 351 3288 nor
362 3233 398 3288 its
409 3233 497 3288 salue.
534 3231 598 3287 And
616 3240 666 3286 not
681 3233 747 3304 only
759 3233 808 3287 the
822 3233 935 3288 ancient
949 3233 1103 3287 Christiano
1117 3232 1178 3287 said
1193 3231 1257 3298 this,
1271 3233 1323 3286 but

224 3320 283 3374 also
298 3319 348 3374 the
361 3319 563 3392 philosophem,
576 3318 639 3373 who
653 3319 714 3373 said
724 3319 749 3373 it
759 3336 814 3373 was
826 3318 875 3373 the
890 3325 954 3391 part
972 3319 1006 3372 ot
1014 3336 1031 3372 ι
1043 3319 1117 3372 little
1134 3317 1211 3371 mind
1226 3325 1277 3372 not
1293 3324 1322 3373 to

223 3405 261 3461 be
274 3405 337 3461 able
352 3411 382 3461 to
393 3406 462 3461 beer
474 3404 643 3476 contumely,
654 3420 685 3459 as
696 3421 738 3459 we
749 3404 822 3459 shull
835 3404 910 3460 show
924 3404 1083 3459 elsewhere.

279 3497 296 3546 3
319 3492 417 3546 Hence
431 3492 455 3545 it
469 3508 586 3562 appears
601 3491 661 3545 also
676 3489 738 3544 that
750 3489 850 3545 thetis
868 3507 963 3562 wrong
981 3489 1071 3544 which
1082 3490 1106 3543 is
1125 3487 1266 3544 delivered
1284 3489 1324 3561 by

223 3582 297 3630 most
309 3577 424 3639 writers,
436 3576 498 3630 that
510 3577 625 3632 defense
636 3576 703 3631 with
714 3576 822 3647 slsying
833 3576 857 3630 is
867 3576 970 3640 lawful,
982 3576 1044 3630 that
1055 3577 1078 3629 is
1088 3575 1125 3646 by
1133 3575 1236 3631 Divine
1247 3576 1323 3639 haw,

224 3659 309 3727 (forI
324 3660 360 3715 do
375 3667 426 3715 not
440 3662 552 3733 dispute
569 3662 632 3716 that
646 3662 669 3716 it
683 3662 706 3716 is
724 3662 763 3733 by
776 3662 898 3716 Natural
912 3657 1000 3725 haw,)
1015 3661 1094 3715 when
1109 3660 1190 3731 flight
1204 3660 1324 3739 without

224 3747 331 3817 danger
345 3747 368 3799 is
384 3746 519 3817 possible:
547 3747 668 3818 namely,
685 3748 805 3802 because
819 3747 900 3817 flight
918 3749 941 3801 is
959 3748 1154 3817 ignominious,
1172 3747 1324 3818 especially

222 3833 252 3885 in
265 3847 283 3884 n
297 3847 363 3884 man
378 3832 412 3885 of
425 3832 510 3887 noble
524 3833 632 3904 family,
670 3833 704 3887 In
721 3833 800 3887 truth
814 3832 895 3887 there
910 3834 942 3897 is,
957 3832 1034 3897 then,
1052 3849 1089 3887 no
1102 3833 1253 3903 ignominy,
1270 3832 1323 3886 but

221 3935 240 3972 u
251 3916 322 3970 false
336 3917 451 3987 opinion
463 3917 496 3971 of
507 3919 659 3989 ignominy,
671 3917 744 3973 tobo
756 3919 885 3990 despised
899 3919 937 3990 by
952 3918 1032 3974 those
1046 3918 1108 3971 who
1123 3917 1217 3972 follow
1231 3919 1324 3972 virtue

221 4003 279 4057 and
290 4001 413 4056 wisdom.
440 4002 476 4056 In
490 4003 545 4059 this
557 4010 661 4058 matter
672 4004 687 4056 I
697 4005 799 4074 rejoice
814 4004 877 4058 that
889 4005 904 4060 1
917 4003 989 4060 have
1001 4003 1068 4059 with
1080 4020 1125 4058 me
1137 4003 1186 4058 tho
1198 4004 1324 4075 opinion,

220 4104 323 4158 among
337 4087 386 4142 the
399 4089 511 4152 Jurista,
525 4089 558 4143 of
566 4090 721 4144 Molinaeus.

273 4174 359 4228 What
373 4174 388 4228 1
402 4173 473 4228 hare
487 4175 547 4228 said
562 4174 596 4228 of
610 4190 628 4227 a
642 4173 731 4229 buffet
744 4175 800 4228 und
815 4176 849 4229 of
863 4175 952 4246 ssight,
970 4176 994 4230 is
1010 4181 1040 4230 to
1055 4175 1091 4230 be
1105 4172 1278 4231 understood
1293 4171 1328 4230 of

220 4260 304 4316 other
318 4257 420 4330 things,
434 4260 472 4331 by
483 4259 573 4314 which
585 4276 637 4313 our
651 4266 714 4314 true
729 4261 925 4316 estimationis
939 4270 990 4315 not
1006 4261 1151 4332 damagod.

274 4347 332 4401 But
345 4345 372 4399 if
390 4362 446 4420 any
468 4361 522 4403 one
543 4361 592 4418 ιιι
613 4344 771 4416 something
791 4346 826 4400 οι·
843 4364 886 4413 us,
907 4346 998 4401 which
1020 4347 1045 4401 if
1064 4346 1202 4411 believed,
1227 4346 1328 4403 would
