<?xml version="1.0" encoding="UTF-8"?>
<!DOCTYPE html PUBLIC "-//W3C//DTD XHTML 1.0 Transitional//EN"
    "http://www.w3.org/TR/xhtml1/DTD/xhtml1-transitional.dtd">
<html xmlns="http://www.w3.org/1999/xhtml" xml:lang="en" lang="en">
 <head>
  <title>
</title>
<meta http-equiv="Content-Type" content="text/html;charset=utf-8" />
  <meta name='ocr-system' content='tesseract 3.04.00' />
  <meta name='ocr-capabilities' content='ocr_page ocr_carea ocr_par ocr_line ocrx_word'/>
</head>
<body>
  <div class='ocr_page' id='page_1' title='image "./hugonisgrotiide00barbgoog_0338.png"; bbox 0 0 2866 4906; ppageno 0'>
   <div class='ocr_carea' id='block_1_1' title="bbox 139 236 1239 310">
    <p class='ocr_par' dir='ltr' id='par_1_1' title="bbox 139 236 1239 310">
     <span class='ocr_line' id='line_1_1' title="bbox 139 236 1239 310; baseline 0.004 -10"><span class='ocrx_word' id='word_1_1' title='bbox 139 245 208 300; x_wconf 79' lang='lat' dir='ltr'>(lan.</span> <span class='ocrx_word' id='word_1_2' title='bbox 222 237 290 310; x_wconf 91' lang='grc' dir='ltr'><strong>ΙΙΙ.]</strong></span> <span class='ocrx_word' id='word_1_3' title='bbox 385 243 454 298; x_wconf 92' lang='lat' dir='ltr'>UBI</span> <span class='ocrx_word' id='word_1_4' title='bbox 475 243 526 296; x_wconf 82' lang='lat' dir='ltr'>Da</span> <span class='ocrx_word' id='word_1_5' title='bbox 549 241 648 297; x_wconf 78' lang='lat' dir='ltr'>MARI</span> <span class='ocrx_word' id='word_1_6' title='bbox 671 244 720 298; x_wconf 84' lang='lat' dir='ltr'>ET</span> <span class='ocrx_word' id='word_1_7' title='bbox 742 244 991 302; x_wconf 82' lang='lat' dir='ltr'>FLUMINIBUS.</span> <span class='ocrx_word' id='word_1_8' title='bbox 1175 236 1239 306; x_wconf 75' lang='grc'>267</span> 
     </span>
    </p>
   </div>
   <div class='ocr_carea' id='block_1_2' title="bbox 131 407 1401 2273">
    <p class='ocr_par' dir='ltr' id='par_1_2' title="bbox 134 407 1401 2273">
     <span class='ocr_line' id='line_1_2' title="bbox 137 407 1401 498; baseline 0.001 -22"><span class='ocrx_word' id='word_1_9' title='bbox 137 409 233 498; x_wconf 79' lang='lat' dir='ltr'>Apud</span> <span class='ocrx_word' id='word_1_10' title='bbox 249 407 403 475; x_wconf 84' lang='lat' dir='ltr'>Gellium:</span> <span class='ocrx_word' id='word_1_11' title='bbox 430 410 714 489; x_wconf 64' lang='lat' dir='ltr'>Flaminiumque</span> <span class='ocrx_word' id='word_1_12' title='bbox 730 410 767 473; x_wconf 80' lang='lat' dir='ltr'>in</span> <span class='ocrx_word' id='word_1_13' title='bbox 783 430 883 485; x_wconf 83' lang='lat' dir='ltr'>mare,</span> <span class='ocrx_word' id='word_1_14' title='bbox 901 432 967 491; x_wconf 87' lang='lat' dir='ltr'>qua</span> <span class='ocrx_word' id='word_1_15' title='bbox 981 412 1156 496; x_wconf 80' lang='lat' dir='ltr'>imperium</span> <span class='ocrx_word' id='word_1_16' title='bbox 1173 416 1236 479; x_wconf 83' lang='lat' dir='ltr'>Re·</span> <span class='ocrx_word' id='word_1_17' title='bbox 1248 438 1295 478; x_wconf 85' lang='grc' dir='ltr'>ιιι.</span> <span class='ocrx_word' id='word_1_18' title='bbox 1304 450 1325 478; x_wconf 73' lang='grc' dir='ltr'>ι.</span> <span class='ocrx_word' id='word_1_19' title='bbox 1334 441 1353 485; x_wconf 73' lang='grc' dir='ltr'>ι.</span> <span class='ocrx_word' id='word_1_20' title='bbox 1395 435 1401 446; x_wconf 78' lang='lat'><strong>·</strong></span> 
     </span>
     <span class='ocr_line' id='line_1_3' title="bbox 135 506 1398 597; baseline 0.002 -23"><span class='ocrx_word' id='word_1_21' title='bbox 135 532 274 575; x_wconf 78' lang='lat' dir='ltr'>menam</span> <span class='ocrx_word' id='word_1_22' title='bbox 290 513 481 597; x_wconf 81' lang='lat' dir='ltr'>eet,fluuct.</span> <span class='ocrx_word' id='word_1_23' title='bbox 531 507 631 573; x_wconf 90' lang='lat' dir='ltr'>Notat</span> <span class='ocrx_word' id='word_1_24' title='bbox 648 506 763 572; x_wconf 88' lang='lat' dir='ltr'>Strabo</span> <span class='ocrx_word' id='word_1_25' title='bbox 784 508 991 574; x_wconf 74' lang='lat' dir='ltr'>Massilienses</span> <span class='ocrx_word' id='word_1_26' title='bbox 1009 508 1106 574; x_wconf 91' lang='lat' dir='ltr'>multa</span> <span class='ocrx_word' id='word_1_27' title='bbox 1122 510 1237 596; x_wconf 77' lang='lat' dir='ltr'>cepisse</span> <span class='ocrx_word' id='word_1_28' title='bbox 1248 535 1398 587; x_wconf 65' lang='grc' dir='ltr'>ιιιιηιιιι</span> 
     </span>
     <span class='ocr_line' id='line_1_4' title="bbox 135 603 1237 700; baseline 0.005 -26"><span class='ocrx_word' id='word_1_29' title='bbox 135 608 236 695; x_wconf 85' lang='lat' dir='ltr'>spolia</span> <span class='ocrx_word' id='word_1_30' title='bbox 262 628 332 672; x_wconf 91' lang='lat' dir='ltr'>cum</span> <span class='ocrx_word' id='word_1_31' title='bbox 355 605 469 693; x_wconf 87' lang='lat' dir='ltr'>praeliis</span> <span class='ocrx_word' id='word_1_32' title='bbox 493 605 655 673; x_wconf 86' lang='lat' dir='ltr'>navalibus</span> <span class='ocrx_word' id='word_1_33' title='bbox 678 604 822 671; x_wconf 80' lang='lat' dir='ltr'>vicissent</span> <span class='ocrx_word' id='word_1_34' title='bbox 837 603 915 675; x_wconf 73' lang='lat' dir='ltr'>rode</span> <span class='ocrx_word' id='word_1_35' title='bbox 937 603 1237 700; x_wconf 66' lang='grc' dir='ltr'>ἀμφισβητοῦντας</span> 
     </span>
     <span class='ocr_line' id='line_1_5' title="bbox 136 697 1237 787; baseline 0.001 -14"><span class='ocrx_word' id='word_1_36' title='bbox 136 710 200 787; x_wconf 75' lang='grc' dir='ltr'>τῆς</span> <span class='ocrx_word' id='word_1_37' title='bbox 215 701 386 785; x_wconf 78' lang='grc' dir='ltr'>θαλάσσης</span> <span class='ocrx_word' id='word_1_38' title='bbox 400 697 519 776; x_wconf 69' lang='grc' dir='ltr'>ἀδίκως·</span> <span class='ocrx_word' id='word_1_39' title='bbox 544 727 605 778; x_wconf 84' lang='lat' dir='ltr'>eos,</span> <span class='ocrx_word' id='word_1_40' title='bbox 621 706 682 786; x_wconf 81' lang='lat' dir='ltr'>qui</span> <span class='ocrx_word' id='word_1_41' title='bbox 698 705 819 786; x_wconf 81' lang='lat' dir='ltr'>injuste</span> <span class='ocrx_word' id='word_1_42' title='bbox 834 707 874 771; x_wconf 83' lang='lat' dir='ltr'>de</span> <span class='ocrx_word' id='word_1_43' title='bbox 889 709 978 771; x_wconf 81' lang='lat' dir='ltr'>meri</span> <span class='ocrx_word' id='word_1_44' title='bbox 989 711 1237 775; x_wconf 78' lang='lat' dir='ltr'>controversiam</span> 
     </span>
     <span class='ocr_line' id='line_1_6' title="bbox 135 801 1365 900; baseline 0 -29"><span class='ocrx_word' id='word_1_45' title='bbox 135 817 304 871; x_wconf 75' lang='lat' dir='ltr'>mwcreet.</span> <span class='ocrx_word' id='word_1_46' title='bbox 356 804 444 869; x_wconf 90' lang='lat' dir='ltr'>Idem</span> <span class='ocrx_word' id='word_1_47' title='bbox 462 802 598 889; x_wconf 84' lang='lat' dir='ltr'>Sinopen</span> <span class='ocrx_word' id='word_1_48' title='bbox 611 802 658 867; x_wconf 86' lang='lat' dir='ltr'>ait</span> <span class='ocrx_word' id='word_1_49' title='bbox 678 801 861 889; x_wconf 76' lang='lat' dir='ltr'>impetrasse</span> <span class='ocrx_word' id='word_1_50' title='bbox 877 804 956 869; x_wconf 89' lang='lat' dir='ltr'>mari</span> <span class='ocrx_word' id='word_1_51' title='bbox 972 805 1004 869; x_wconf 92' lang='lat' dir='ltr'>in</span> <span class='ocrx_word' id='word_1_52' title='bbox 1022 805 1176 892; x_wconf 84' lang='lat' dir='ltr'>Cyaneas.</span> <span class='ocrx_word' id='word_1_53' title='bbox 1246 814 1365 900; x_wconf 62' lang='lat' dir='ltr'>musta</span> 
     </span>
     <span class='ocr_line' id='line_1_7' title="bbox 209 861 1289 1013; baseline 0.003 -45"><span class='ocrx_word' id='word_1_54' title='bbox 209 904 231 968; x_wconf 84' lang='lat'><strong>2</strong></span> <span class='ocrx_word' id='word_1_55' title='bbox 262 902 398 969; x_wconf 90' lang='lat' dir='ltr'>Videtur</span> <span class='ocrx_word' id='word_1_56' title='bbox 426 910 531 966; x_wconf 88' lang='lat' dir='ltr'>autem</span> <span class='ocrx_word' id='word_1_57' title='bbox 562 899 725 1013; x_wconf 87' lang='lat' dir='ltr'>imperium</span> <span class='ocrx_word' id='word_1_58' title='bbox 749 900 782 965; x_wconf 91' lang='lat' dir='ltr'>in</span> <span class='ocrx_word' id='word_1_59' title='bbox 810 902 904 968; x_wconf 90' lang='lat' dir='ltr'>maris</span> <span class='ocrx_word' id='word_1_60' title='bbox 928 902 1102 990; x_wconf 90' lang='lat' dir='ltr'>portionem</span> <span class='ocrx_word' id='word_1_61' title='bbox 1127 861 1289 971; x_wconf 56' lang='lat' dir='ltr'>caderem</span> 
     </span>
     <span class='ocr_line' id='line_1_8' title="bbox 135 998 1237 1087; baseline 0 -19"><span class='ocrx_word' id='word_1_62' title='bbox 135 1001 257 1068; x_wconf 82' lang='lat' dir='ltr'>ratione</span> <span class='ocrx_word' id='word_1_63' title='bbox 273 999 402 1087; x_wconf 86' lang='lat' dir='ltr'>acquiri,</span> <span class='ocrx_word' id='word_1_64' title='bbox 425 1021 488 1087; x_wconf 87' lang='lat' dir='ltr'>qua</span> <span class='ocrx_word' id='word_1_65' title='bbox 503 999 634 1086; x_wconf 90' lang='lat' dir='ltr'>imperia</span> <span class='ocrx_word' id='word_1_66' title='bbox 649 998 721 1075; x_wconf 89' lang='lat' dir='ltr'>alia,</span> <span class='ocrx_word' id='word_1_67' title='bbox 738 998 771 1063; x_wconf 91' lang='lat' dir='ltr'>id</span> <span class='ocrx_word' id='word_1_68' title='bbox 788 1007 845 1079; x_wconf 88' lang='lat' dir='ltr'>est,</span> <span class='ocrx_word' id='word_1_69' title='bbox 862 1007 899 1066; x_wconf 93' lang='lat' dir='ltr'>ut</span> <span class='ocrx_word' id='word_1_70' title='bbox 915 1023 1010 1087; x_wconf 88' lang='lat' dir='ltr'>supra</span> <span class='ocrx_word' id='word_1_71' title='bbox 1026 1002 1169 1080; x_wconf 84' lang='lat' dir='ltr'>diximus,</span> <span class='ocrx_word' id='word_1_72' title='bbox 1185 1024 1237 1069; x_wconf 89' lang='lat' dir='ltr'>ra·</span> 
     </span>
     <span class='ocr_line' id='line_1_9' title="bbox 136 1097 1234 1187; baseline 0 -21"><span class='ocrx_word' id='word_1_73' title='bbox 136 1100 219 1167; x_wconf 90' lang='lat' dir='ltr'>tiene</span> <span class='ocrx_word' id='word_1_74' title='bbox 236 1121 438 1187; x_wconf 88' lang='lat' dir='ltr'>personarum</span> <span class='ocrx_word' id='word_1_75' title='bbox 455 1107 488 1165; x_wconf 92' lang='lat' dir='ltr'>et</span> <span class='ocrx_word' id='word_1_76' title='bbox 511 1098 633 1164; x_wconf 76' lang='lat' dir='ltr'>radone</span> <span class='ocrx_word' id='word_1_77' title='bbox 657 1097 816 1165; x_wconf 90' lang='lat' dir='ltr'>territorii.</span> <span class='ocrx_word' id='word_1_78' title='bbox 870 1099 1005 1165; x_wconf 88' lang='lat' dir='ltr'>Ratione</span> <span class='ocrx_word' id='word_1_79' title='bbox 1021 1121 1234 1187; x_wconf 88' lang='lat' dir='ltr'>personarum,</span> 
     </span>
     <span class='ocr_line' id='line_1_10' title="bbox 136 1196 1235 1285; baseline 0 -20"><span class='ocrx_word' id='word_1_80' title='bbox 136 1199 213 1266; x_wconf 87' lang='lat' dir='ltr'>atsi</span> <span class='ocrx_word' id='word_1_81' title='bbox 230 1198 342 1274; x_wconf 69' lang='lat' dir='ltr'>elassa,</span> <span class='ocrx_word' id='word_1_82' title='bbox 365 1198 418 1285; x_wconf 91' lang='lat' dir='ltr'>qui</span> <span class='ocrx_word' id='word_1_83' title='bbox 435 1197 607 1264; x_wconf 86' lang='lat' dir='ltr'>maritimus</span> <span class='ocrx_word' id='word_1_84' title='bbox 624 1204 672 1262; x_wconf 92' lang='lat' dir='ltr'>est</span> <span class='ocrx_word' id='word_1_85' title='bbox 693 1196 857 1273; x_wconf 84' lang='lat' dir='ltr'>exercitus,</span> <span class='ocrx_word' id='word_1_86' title='bbox 874 1198 978 1283; x_wconf 86' lang='lat' dir='ltr'>alique</span> <span class='ocrx_word' id='word_1_87' title='bbox 993 1198 1028 1264; x_wconf 92' lang='lat' dir='ltr'>in</span> <span class='ocrx_word' id='word_1_88' title='bbox 1049 1200 1116 1264; x_wconf 88' lang='lat' dir='ltr'>lece</span> <span class='ocrx_word' id='word_1_89' title='bbox 1138 1200 1235 1266; x_wconf 86' lang='lat' dir='ltr'>maris</span> 
     </span>
     <span class='ocr_line' id='line_1_11' title="bbox 136 1294 1233 1386; baseline 0.001 -23"><span class='ocrx_word' id='word_1_90' title='bbox 136 1298 321 1364; x_wconf 83' lang='lat' dir='ltr'>schabest:</span> <span class='ocrx_word' id='word_1_91' title='bbox 344 1296 465 1363; x_wconf 86' lang='lat' dir='ltr'>ratione</span> <span class='ocrx_word' id='word_1_92' title='bbox 480 1294 640 1372; x_wconf 88' lang='lat' dir='ltr'>territorii,</span> <span class='ocrx_word' id='word_1_93' title='bbox 661 1303 814 1381; x_wconf 88' lang='lat' dir='ltr'>quatenus</span> <span class='ocrx_word' id='word_1_94' title='bbox 835 1318 876 1361; x_wconf 88' lang='lat' dir='ltr'>ex</span> <span class='ocrx_word' id='word_1_95' title='bbox 897 1305 984 1363; x_wconf 89' lang='lat' dir='ltr'>terra</span> <span class='ocrx_word' id='word_1_96' title='bbox 1006 1297 1075 1386; x_wconf 91' lang='lat' dir='ltr'>eegi</span> <span class='ocrx_word' id='word_1_97' title='bbox 1094 1306 1233 1384; x_wconf 86' lang='lat' dir='ltr'>possunt,</span> 
     </span>
     <span class='ocr_line' id='line_1_12' title="bbox 136 1395 1234 1483; baseline 0 -21"><span class='ocrx_word' id='word_1_98' title='bbox 136 1396 190 1482; x_wconf 89' lang='lat' dir='ltr'>qui</span> <span class='ocrx_word' id='word_1_99' title='bbox 214 1397 247 1462; x_wconf 94' lang='lat' dir='ltr'>in</span> <span class='ocrx_word' id='word_1_100' title='bbox 268 1396 410 1482; x_wconf 83' lang='lat' dir='ltr'>proxima</span> <span class='ocrx_word' id='word_1_101' title='bbox 426 1395 520 1461; x_wconf 87' lang='lat' dir='ltr'>maris</span> <span class='ocrx_word' id='word_1_102' title='bbox 541 1403 633 1481; x_wconf 88' lang='lat' dir='ltr'>parte</span> <span class='ocrx_word' id='word_1_103' title='bbox 650 1403 825 1470; x_wconf 86' lang='lat' dir='ltr'>versantur,</span> <span class='ocrx_word' id='word_1_104' title='bbox 846 1416 903 1460; x_wconf 91' lang='lat' dir='ltr'>nee</span> <span class='ocrx_word' id='word_1_105' title='bbox 924 1395 1025 1461; x_wconf 89' lang='lat' dir='ltr'>minus</span> <span class='ocrx_word' id='word_1_106' title='bbox 1041 1417 1132 1483; x_wconf 83' lang='lat' dir='ltr'>qnam</span> <span class='ocrx_word' id='word_1_107' title='bbox 1149 1397 1177 1462; x_wconf 92' lang='lat' dir='ltr'>si</span> <span class='ocrx_word' id='word_1_108' title='bbox 1200 1397 1234 1462; x_wconf 92' lang='lat' dir='ltr'>in</span> 
     </span>
     <span class='ocr_line' id='line_1_13' title="bbox 135 1494 538 1582; baseline 0.002 -25"><span class='ocrx_word' id='word_1_109' title='bbox 135 1494 204 1582; x_wconf 90' lang='lat' dir='ltr'>ipsa</span> <span class='ocrx_word' id='word_1_110' title='bbox 217 1503 304 1560; x_wconf 89' lang='lat' dir='ltr'>terra</span> <span class='ocrx_word' id='word_1_111' title='bbox 317 1494 538 1581; x_wconf 84' lang='lat' dir='ltr'>reperirentur.</span> 
     </span>
     <span class='ocr_line' id='line_1_14' title="bbox 211 1590 1233 1681; baseline 0.003 -23"><span class='ocrx_word' id='word_1_112' title='bbox 211 1594 300 1660; x_wconf 87' lang='lat' dir='ltr'>XIV.</span> <span class='ocrx_word' id='word_1_113' title='bbox 349 1594 455 1670; x_wconf 82' lang='lat' dir='ltr'>Quare</span> <span class='ocrx_word' id='word_1_114' title='bbox 479 1614 537 1657; x_wconf 92' lang='lat' dir='ltr'>nee</span> <span class='ocrx_word' id='word_1_115' title='bbox 553 1598 661 1656; x_wconf 87' lang='lat' dir='ltr'>eontra</span> <span class='ocrx_word' id='word_1_116' title='bbox 680 1590 735 1677; x_wconf 89' lang='lat' dir='ltr'>jue</span> <span class='ocrx_word' id='word_1_117' title='bbox 756 1600 878 1658; x_wconf 82' lang='lat' dir='ltr'>naturas</span> <span class='ocrx_word' id='word_1_118' title='bbox 897 1600 953 1658; x_wconf 89' lang='lat' dir='ltr'>aut</span> <span class='ocrx_word' id='word_1_119' title='bbox 968 1592 1107 1681; x_wconf 91' lang='lat' dir='ltr'>gentium</span> <span class='ocrx_word' id='word_1_120' title='bbox 1130 1593 1233 1671; x_wconf 78' lang='lat' dir='ltr'>faciet,</span> 
     </span>
     <span class='ocr_line' id='line_1_15' title="bbox 135 1689 1234 1804; baseline 0.001 -46"><span class='ocrx_word' id='word_1_121' title='bbox 135 1691 189 1804; x_wconf 84' lang='lat' dir='ltr'>qui</span> <span class='ocrx_word' id='word_1_122' title='bbox 208 1700 334 1779; x_wconf 89' lang='lat' dir='ltr'>recepte</span> <span class='ocrx_word' id='word_1_123' title='bbox 352 1691 386 1756; x_wconf 93' lang='lat' dir='ltr'>in</span> <span class='ocrx_word' id='word_1_124' title='bbox 405 1713 440 1756; x_wconf 90' lang='lat' dir='ltr'>se</span> <span class='ocrx_word' id='word_1_125' title='bbox 462 1712 556 1756; x_wconf 88' lang='lat' dir='ltr'>onere</span> <span class='ocrx_word' id='word_1_126' title='bbox 576 1689 701 1780; x_wconf 79' lang='lat' dir='ltr'>tuendas</span> <span class='ocrx_word' id='word_1_127' title='bbox 722 1689 927 1777; x_wconf 85' lang='lat' dir='ltr'>navigationis</span> <span class='ocrx_word' id='word_1_128' title='bbox 942 1690 1153 1779; x_wconf 76' lang='lat' dir='ltr'>jurandaque</span> <span class='ocrx_word' id='word_1_129' title='bbox 1177 1715 1234 1779; x_wconf 87' lang='lat' dir='ltr'>per</span> 
     </span>
     <span class='ocr_line' id='line_1_16' title="bbox 135 1782 1234 1879; baseline 0.003 -25"><span class='ocrx_word' id='word_1_130' title='bbox 135 1790 224 1879; x_wconf 87' lang='lat' dir='ltr'>ignes</span> <span class='ocrx_word' id='word_1_131' title='bbox 239 1799 405 1856; x_wconf 89' lang='lat' dir='ltr'>nocturnes</span> <span class='ocrx_word' id='word_1_132' title='bbox 421 1800 453 1857; x_wconf 93' lang='lat' dir='ltr'>et</span> <span class='ocrx_word' id='word_1_133' title='bbox 470 1788 650 1855; x_wconf 79' lang='lat' dir='ltr'>brevium&#39;</span> <span class='ocrx_word' id='word_1_134' title='bbox 626 1811 724 1878; x_wconf 79' lang='lat' dir='ltr'>signa,</span> <span class='ocrx_word' id='word_1_135' title='bbox 741 1782 897 1877; x_wconf 77' lang='lat' dir='ltr'>¹¹reetigel</span> <span class='ocrx_word' id='word_1_136' title='bbox 913 1811 1035 1876; x_wconf 76' lang='lat' dir='ltr'>equum</span> <span class='ocrx_word' id='word_1_137' title='bbox 1052 1790 1234 1878; x_wconf 85' lang='lat' dir='ltr'>imposuerit</span> 
     </span>
     <span class='ocr_line' id='line_1_17' title="bbox 135 1887 1377 1978; baseline 0.002 -25"><span class='ocrx_word' id='word_1_138' title='bbox 135 1888 363 1978; x_wconf 74' lang='lat' dir='ltr'>navigantibus,</span> <span class='ocrx_word' id='word_1_139' title='bbox 388 1888 480 1974; x_wconf 89' lang='lat' dir='ltr'>quale</span> <span class='ocrx_word' id='word_1_140' title='bbox 504 1888 564 1954; x_wconf 84' lang='lat' dir='ltr'>init</span> <span class='ocrx_word' id='word_1_141' title='bbox 586 1888 762 1953; x_wconf 87' lang='lat' dir='ltr'>Romanum</span> <span class='ocrx_word' id='word_1_142' title='bbox 779 1888 913 1977; x_wconf 83' lang='lat' dir='ltr'>vectigal</span> <span class='ocrx_word' id='word_1_143' title='bbox 934 1889 1149 1977; x_wconf 83' lang='lat' dir='ltr'>Erythraeum,</span> <span class='ocrx_word' id='word_1_144' title='bbox 1176 1887 1232 1956; x_wconf 77' lang='lat' dir='ltr'>⁷eb</span> <span class='ocrx_word' id='word_1_145' title='bbox 1246 1904 1377 1946; x_wconf 63' lang='lat' dir='ltr'>Pinnata</span> 
     </span>
     <span class='ocr_line' id='line_1_18' title="bbox 134 1985 1381 2094; baseline 0.002 -42"><span class='ocrx_word' id='word_1_146' title='bbox 134 1997 254 2054; x_wconf 86' lang='lat' dir='ltr'>sumtus</span> <span class='ocrx_word' id='word_1_147' title='bbox 278 1987 432 2053; x_wconf 86' lang='lat' dir='ltr'>exereitus</span> <span class='ocrx_word' id='word_1_148' title='bbox 457 1985 603 2052; x_wconf 80' lang='lat' dir='ltr'>maritimi</span> <span class='ocrx_word' id='word_1_149' title='bbox 622 1985 773 2052; x_wconf 77' lang='lat' dir='ltr'>adeamus</span> <span class='ocrx_word' id='word_1_150' title='bbox 788 1985 934 2072; x_wconf 85' lang='lat' dir='ltr'>piraticas</span> <span class='ocrx_word' id='word_1_151' title='bbox 958 1987 1172 2054; x_wconf 79' lang='lat' dir='ltr'>excursiones.</span> <span class='ocrx_word' id='word_1_152' title='bbox 1200 1996 1381 2094; x_wconf 60' lang='lat' dir='ltr'>et⁸fpgq⁰¹vt</span> 
     </span>
     <span class='ocr_line' id='line_1_19' title="bbox 131 2076 1233 2175; baseline 0 -23"><span class='ocrx_word' id='word_1_153' title='bbox 131 2080 265 2172; x_wconf 91' lang='lat' dir='ltr'>¹quod</span> <span class='ocrx_word' id='word_1_154' title='bbox 256 2108 288 2152; x_wconf 85' lang='lat' dir='ltr'>sn</span> <span class='ocrx_word' id='word_1_155' title='bbox 306 2095 401 2174; x_wconf 93' lang='lat' dir='ltr'>pente</span> <span class='ocrx_word' id='word_1_156' title='bbox 421 2083 590 2174; x_wconf 85' lang='lat' dir='ltr'>Byzantini</span> <span class='ocrx_word' id='word_1_157' title='bbox 609 2084 779 2172; x_wconf 78' lang='lat' dir='ltr'>exigebant</span> <span class='ocrx_word' id='word_1_158' title='bbox 801 2076 992 2175; x_wconf 72' lang='grc' dir='ltr'>διαγωγιον,</span> <span class='ocrx_word' id='word_1_159' title='bbox 1012 2095 1044 2151; x_wconf 91' lang='lat' dir='ltr'>et</span> <span class='ocrx_word' id='word_1_160' title='bbox 1063 2086 1180 2172; x_wconf 93' lang='lat' dir='ltr'>qued</span> <span class='ocrx_word' id='word_1_161' title='bbox 1166 2109 1233 2173; x_wconf 85' lang='lat' dir='ltr'>yam</span> 
     </span>
     <span class='ocr_line' id='line_1_20' title="bbox 135 2183 1234 2273; baseline -0.001 -21"><span class='ocrx_word' id='word_1_162' title='bbox 135 2185 208 2252; x_wconf 92' lang='lat' dir='ltr'>elim</span> <span class='ocrx_word' id='word_1_163' title='bbox 229 2184 435 2252; x_wconf 83' lang='lat' dir='ltr'>Athenienses</span> <span class='ocrx_word' id='word_1_164' title='bbox 454 2191 604 2271; x_wconf 86' lang='lat' dir='ltr'>occupata</span> <span class='ocrx_word' id='word_1_165' title='bbox 621 2183 809 2272; x_wconf 77' lang='lat' dir='ltr'>chrysopoli</span> <span class='ocrx_word' id='word_1_166' title='bbox 831 2192 1002 2272; x_wconf 85' lang='lat' dir='ltr'>exegerant</span> <span class='ocrx_word' id='word_1_167' title='bbox 1017 2183 1051 2248; x_wconf 94' lang='lat' dir='ltr'>in</span> <span class='ocrx_word' id='word_1_168' title='bbox 1065 2194 1161 2273; x_wconf 92' lang='lat' dir='ltr'>pente</span> <span class='ocrx_word' id='word_1_169' title='bbox 1183 2208 1234 2251; x_wconf 89' lang='lat' dir='ltr'>ee·</span> 
     </span>
    </p>
   </div>
   <div class='ocr_carea' id='block_1_3' title="bbox 133 2355 1236 3095">
    <p class='ocr_par' dir='ltr' id='par_1_3' title="bbox 133 2355 1235 2717">
     <span class='ocr_line' id='line_1_21' title="bbox 134 2355 1234 2417; baseline 0 -13"><span class='ocrx_word' id='word_1_170' title='bbox 134 2357 175 2404; x_wconf 86' lang='lat' dir='ltr'>nie</span> <span class='ocrx_word' id='word_1_171' title='bbox 192 2357 275 2416; x_wconf 82' lang='lat' dir='ltr'>Maris,</span> <span class='ocrx_word' id='word_1_172' title='bbox 294 2357 494 2404; x_wconf 86' lang='lat' dir='ltr'>Dissertatienem</span> <span class='ocrx_word' id='word_1_173' title='bbox 513 2355 658 2416; x_wconf 73' lang='lat' dir='ltr'>singularem</span> <span class='ocrx_word' id='word_1_174' title='bbox 708 2355 799 2402; x_wconf 70' lang='lat' dir='ltr'>neura</span> <span class='ocrx_word' id='word_1_175' title='bbox 807 2355 1113 2417; x_wconf 74' lang='lat' dir='ltr'>quoejebcrceeneaeeerat.</span> <span class='ocrx_word' id='word_1_176' title='bbox 1128 2355 1234 2416; x_wconf 62' lang='lat' dir='ltr'>(Libas.</span> 
     </span>
     <span class='ocr_line' id='line_1_22' title="bbox 135 2428 1235 2492; baseline -0.001 -14"><span class='ocrx_word' id='word_1_177' title='bbox 135 2433 252 2492; x_wconf 78' lang='lat' dir='ltr'>Amplius.</span> <span class='ocrx_word' id='word_1_178' title='bbox 270 2432 541 2488; x_wconf 68' lang='lat' dir='ltr'>Bracnnmnorcam</span> <span class='ocrx_word' id='word_1_179' title='bbox 565 2434 590 2477; x_wconf 89' lang='lat' dir='ltr'>et</span> <span class='ocrx_word' id='word_1_180' title='bbox 605 2444 659 2490; x_wconf 78' lang='lat' dir='ltr'>quse</span> <span class='ocrx_word' id='word_1_181' title='bbox 709 2443 732 2476; x_wconf 89' lang='lat' dir='ltr'>e.</span> <span class='ocrx_word' id='word_1_182' title='bbox 745 2428 777 2486; x_wconf 90' lang='lat'>6).</span> <span class='ocrx_word' id='word_1_183' title='bbox 808 2429 899 2475; x_wconf 85' lang='lat' dir='ltr'>Plinius</span> <span class='ocrx_word' id='word_1_184' title='bbox 915 2442 950 2476; x_wconf 87' lang='lat' dir='ltr'>vr.</span> <span class='ocrx_word' id='word_1_185' title='bbox 965 2444 987 2476; x_wconf 88' lang='lat' dir='ltr'>e.</span> <span class='ocrx_word' id='word_1_186' title='bbox 1002 2430 1058 2476; x_wconf 82' lang='lat' dir='ltr'>xxii.</span> <span class='ocrx_word' id='word_1_187' title='bbox 1080 2430 1156 2476; x_wconf 83' lang='lat' dir='ltr'>Annii</span> <span class='ocrx_word' id='word_1_188' title='bbox 1177 2430 1235 2477; x_wconf 85' lang='lat' dir='ltr'>Ple-</span> 
     </span>
     <span class='ocr_line' id='line_1_23' title="bbox 135 2504 1235 2566; baseline -0.005 -11"><span class='ocrx_word' id='word_1_189' title='bbox 135 2509 238 2555; x_wconf 85' lang='lat' dir='ltr'>diximns</span> <span class='ocrx_word' id='word_1_190' title='bbox 257 2509 288 2554; x_wconf 89' lang='lat' dir='ltr'>ad</span> <span class='ocrx_word' id='word_1_191' title='bbox 307 2507 520 2553; x_wconf 81' lang='lat' dir='ltr'>Pursauoumuss</span> <span class='ocrx_word' id='word_1_192' title='bbox 540 2509 658 2559; x_wconf 88' lang='lat' dir='ltr'>nostrum,</span> <span class='ocrx_word' id='word_1_193' title='bbox 710 2504 770 2550; x_wconf 88' lang='lat' dir='ltr'>eemi</span> <span class='ocrx_word' id='word_1_194' title='bbox 780 2505 894 2562; x_wconf 78' lang='lat' dir='ltr'>meminit,</span> <span class='ocrx_word' id='word_1_195' title='bbox 909 2505 952 2566; x_wconf 83' lang='lat' dir='ltr'>qni</span> <span class='ocrx_word' id='word_1_196' title='bbox 965 2505 1036 2551; x_wconf 86' lang='lat' dir='ltr'>maris</span> <span class='ocrx_word' id='word_1_197' title='bbox 1051 2505 1118 2551; x_wconf 89' lang='lat' dir='ltr'>rubri</span> <span class='ocrx_word' id='word_1_198' title='bbox 1131 2506 1235 2565; x_wconf 78' lang='lat' dir='ltr'>vectigal</span> 
     </span>
     <span class='ocr_line' id='line_1_24' title="bbox 134 2580 1234 2641; baseline -0.004 -10"><span class='ocrx_word' id='word_1_199' title='bbox 134 2583 245 2631; x_wconf 70' lang='lat' dir='ltr'>Delusa</span> <span class='ocrx_word' id='word_1_200' title='bbox 259 2582 319 2630; x_wconf 81' lang='lat' dir='ltr'>Nat.</span> <span class='ocrx_word' id='word_1_201' title='bbox 335 2586 357 2629; x_wconf 87' lang='lat' dir='ltr'>et</span> <span class='ocrx_word' id='word_1_202' title='bbox 374 2581 441 2629; x_wconf 73' lang='lat' dir='ltr'>emt.</span> <span class='ocrx_word' id='word_1_203' title='bbox 457 2580 510 2627; x_wconf 86' lang='lat' dir='ltr'>Lib.</span> <span class='ocrx_word' id='word_1_204' title='bbox 519 2593 556 2627; x_wconf 82' lang='lat' dir='ltr'>rr.</span> <span class='ocrx_word' id='word_1_205' title='bbox 572 2592 626 2638; x_wconf 83' lang='lat' dir='ltr'>rap.</span> <span class='ocrx_word' id='word_1_206' title='bbox 637 2594 659 2627; x_wconf 83' lang='lat' dir='ltr'>v.</span> <span class='ocrx_word' id='word_1_207' title='bbox 710 2595 725 2626; x_wconf 89' lang='lat' dir='ltr'>a</span> <span class='ocrx_word' id='word_1_208' title='bbox 734 2580 791 2626; x_wconf 85' lang='lat' dir='ltr'>fiseo</span> <span class='ocrx_word' id='word_1_209' title='bbox 800 2581 949 2628; x_wconf 79' lang='lat' dir='ltr'>redemerat:</span> <span class='ocrx_word' id='word_1_210' title='bbox 963 2582 1026 2628; x_wconf 87' lang='lat' dir='ltr'>idem</span> <span class='ocrx_word' id='word_1_211' title='bbox 1036 2581 1115 2641; x_wconf 82' lang='lat' dir='ltr'>eapite</span> <span class='ocrx_word' id='word_1_212' title='bbox 1124 2581 1234 2641; x_wconf 80' lang='lat' dir='ltr'>sequenti</span> 
     </span>
     <span class='ocr_line' id='line_1_25' title="bbox 133 2655 1234 2717; baseline -0.003 -14"><span class='ocrx_word' id='word_1_213' title='bbox 133 2661 161 2710; x_wconf 76' lang='lat' dir='ltr'>J,</span> <span class='ocrx_word' id='word_1_214' title='bbox 172 2661 205 2708; x_wconf 85' lang='lat' dir='ltr'>B.</span> <span class='ocrx_word' id='word_1_215' title='bbox 710 2655 740 2701; x_wconf 93' lang='lat' dir='ltr'>de</span> <span class='ocrx_word' id='word_1_216' title='bbox 755 2655 815 2700; x_wconf 89' lang='lat' dir='ltr'>mari</span> <span class='ocrx_word' id='word_1_217' title='bbox 824 2669 908 2714; x_wconf 62' lang='lat' dir='ltr'>egena</span> <span class='ocrx_word' id='word_1_218' title='bbox 924 2670 972 2717; x_wconf 86' lang='lat' dir='ltr'>que</span> <span class='ocrx_word' id='word_1_219' title='bbox 986 2657 1012 2702; x_wconf 85' lang='lat' dir='ltr'>in</span> <span class='ocrx_word' id='word_1_220' title='bbox 1026 2657 1120 2703; x_wconf 85' lang='lat' dir='ltr'>Indiam</span> <span class='ocrx_word' id='word_1_221' title='bbox 1136 2655 1234 2715; x_wconf 82' lang='lat' dir='ltr'>nariga-</span> 
     </span>
    </p>

    <p class='ocr_par' dir='ltr' id='par_1_4' title="bbox 133 2725 1236 3095">
     <span class='ocr_line' id='line_1_26' title="bbox 178 2725 1234 2796; baseline -0.006 -15"><span class='ocrx_word' id='word_1_222' title='bbox 178 2734 191 2770; x_wconf 77' lang='lat'>¹¹</span> <span class='ocrx_word' id='word_1_223' title='bbox 208 2733 314 2796; x_wconf 69' lang='lat' dir='ltr'>Vectigal</span> <span class='ocrx_word' id='word_1_224' title='bbox 322 2728 424 2792; x_wconf 56' lang='lat' dir='ltr'>ewam]</span> <span class='ocrx_word' id='word_1_225' title='bbox 436 2729 525 2777; x_wconf 81' lang='lat' dir='ltr'>Rhodii</span> <span class='ocrx_word' id='word_1_226' title='bbox 535 2729 592 2775; x_wconf 90' lang='lat' dir='ltr'>elim</span> <span class='ocrx_word' id='word_1_227' title='bbox 602 2743 660 2789; x_wconf 90' lang='lat' dir='ltr'>por·</span> <span class='ocrx_word' id='word_1_228' title='bbox 710 2732 765 2774; x_wconf 86' lang='lat' dir='ltr'>tur:</span> <span class='ocrx_word' id='word_1_229' title='bbox 782 2725 893 2774; x_wconf 72' lang='grc' dir='ltr'>Οιιιιιίιια</span> <span class='ocrx_word' id='word_1_230' title='bbox 907 2730 977 2775; x_wconf 74' lang='lat' dir='ltr'>weris</span> <span class='ocrx_word' id='word_1_231' title='bbox 990 2731 1119 2790; x_wconf 66' lang='grc' dir='ltr'>ισοίσαιιιν</span> <span class='ocrx_word' id='word_1_232' title='bbox 1132 2729 1234 2790; x_wconf 66' lang='lat' dir='ltr'>sagitte·</span> 
     </span>
     <span class='ocr_line' id='line_1_27' title="bbox 133 2802 1235 2864; baseline -0.007 -8"><span class='ocrx_word' id='word_1_233' title='bbox 133 2810 222 2856; x_wconf 89' lang='lat' dir='ltr'>teriam</span> <span class='ocrx_word' id='word_1_234' title='bbox 241 2809 271 2854; x_wconf 91' lang='lat' dir='ltr'>de</span> <span class='ocrx_word' id='word_1_235' title='bbox 292 2807 375 2862; x_wconf 78' lang='lat' dir='ltr'>insulis</span> <span class='ocrx_word' id='word_1_236' title='bbox 399 2818 508 2864; x_wconf 78' lang='lat' dir='ltr'>exegere,</span> <span class='ocrx_word' id='word_1_237' title='bbox 532 2805 603 2850; x_wconf 85' lang='lat' dir='ltr'>etism</span> <span class='ocrx_word' id='word_1_238' title='bbox 628 2805 659 2850; x_wconf 90' lang='lat' dir='ltr'>de</span> <span class='ocrx_word' id='word_1_239' title='bbox 709 2802 800 2848; x_wconf 82' lang='lat' dir='ltr'>riorum</span> <span class='ocrx_word' id='word_1_240' title='bbox 825 2802 959 2849; x_wconf 78' lang='lat' dir='ltr'>solertibus</span> <span class='ocrx_word' id='word_1_241' title='bbox 981 2804 1103 2863; x_wconf 75' lang='lat' dir='ltr'>impositis.</span> <span class='ocrx_word' id='word_1_242' title='bbox 1138 2803 1235 2849; x_wconf 80' lang='lat' dir='ltr'>Etenim</span> 
     </span>
     <span class='ocr_line' id='line_1_28' title="bbox 134 2875 1236 2944; baseline -0.006 -13"><span class='ocrx_word' id='word_1_243' title='bbox 134 2886 213 2932; x_wconf 84' lang='lat' dir='ltr'>Pharo</span> <span class='ocrx_word' id='word_1_244' title='bbox 223 2883 287 2944; x_wconf 80' lang='lat' dir='ltr'>apud</span> <span class='ocrx_word' id='word_1_245' title='bbox 303 2880 482 2936; x_wconf 79' lang='lat' dir='ltr'>Alexandriam,</span> <span class='ocrx_word' id='word_1_246' title='bbox 492 2882 554 2925; x_wconf 85' lang='lat' dir='ltr'>teste</span> <span class='ocrx_word' id='word_1_247' title='bbox 564 2879 659 2924; x_wconf 80' lang='lat' dir='ltr'>Amusi-</span> <span class='ocrx_word' id='word_1_248' title='bbox 706 2875 796 2934; x_wconf 80' lang='lat' dir='ltr'>pirate</span> <span class='ocrx_word' id='word_1_249' title='bbox 805 2875 905 2922; x_wconf 76' lang='lat' dir='ltr'>mesine</span> <span class='ocrx_word' id='word_1_250' title='bbox 915 2877 1034 2937; x_wconf 52' lang='lat' dir='ltr'>imment.</span> <span class='ocrx_word' id='word_1_251' title='bbox 1054 2877 1236 2936; x_wconf 83' lang='lat' dir='ltr'>Disputationes</span> 
     </span>
     <span class='ocr_line' id='line_1_29' title="bbox 133 2950 1234 3018; baseline -0.008 -11"><span class='ocrx_word' id='word_1_252' title='bbox 133 2975 180 3007; x_wconf 85' lang='lat' dir='ltr'>aee</span> <span class='ocrx_word' id='word_1_253' title='bbox 193 2960 246 3007; x_wconf 88' lang='lat' dir='ltr'>Lib.</span> <span class='ocrx_word' id='word_1_254' title='bbox 263 2972 333 3006; x_wconf 85' lang='lat' dir='ltr'>xxm.</span> <span class='ocrx_word' id='word_1_255' title='bbox 349 2958 415 3018; x_wconf 88' lang='lat' dir='ltr'>(cap.</span> <span class='ocrx_word' id='word_1_256' title='bbox 431 2956 469 3004; x_wconf 83' lang='lat'>16.</span> <span class='ocrx_word' id='word_1_257' title='bbox 484 2970 508 3015; x_wconf 87' lang='lat' dir='ltr'>p.</span> <span class='ocrx_word' id='word_1_258' title='bbox 524 2955 590 3013; x_wconf 72' lang='grc'><strong>373).</strong></span> <span class='ocrx_word' id='word_1_259' title='bbox 620 2955 659 3001; x_wconf 87' lang='lat' dir='ltr'>De</span> <span class='ocrx_word' id='word_1_260' title='bbox 710 2950 819 3010; x_wconf 74' lang='lat' dir='ltr'>egregias</span> <span class='ocrx_word' id='word_1_261' title='bbox 829 2950 939 2997; x_wconf 87' lang='lat' dir='ltr'>demede</span> <span class='ocrx_word' id='word_1_262' title='bbox 950 2951 1072 3013; x_wconf 70' lang='lat' dir='ltr'>vectigalis</span> <span class='ocrx_word' id='word_1_263' title='bbox 1080 2952 1169 2999; x_wconf 77' lang='lat' dir='ltr'>ridein</span> <span class='ocrx_word' id='word_1_264' title='bbox 1182 2952 1234 2998; x_wconf 84' lang='lat' dir='ltr'>lili-</span> 
     </span>
     <span class='ocr_line' id='line_1_30' title="bbox 134 3024 1234 3095; baseline -0.006 -12"><span class='ocrx_word' id='word_1_265' title='bbox 134 3035 320 3095; x_wconf 84' lang='lat' dir='ltr'>Venetis,quiin</span> <span class='ocrx_word' id='word_1_266' title='bbox 332 3033 419 3089; x_wconf 85' lang='lat' dir='ltr'>Gallia,</span> <span class='ocrx_word' id='word_1_267' title='bbox 429 3031 522 3078; x_wconf 75' lang='lat' dir='ltr'>Cesar:</span> <span class='ocrx_word' id='word_1_268' title='bbox 537 3029 658 3090; x_wconf 71' lang='lat' dir='ltr'>Iamque</span> <span class='ocrx_word' id='word_1_269' title='bbox 710 3025 810 3071; x_wconf 83' lang='lat' dir='ltr'>sabatha</span> <span class='ocrx_word' id='word_1_270' title='bbox 820 3024 936 3072; x_wconf 85' lang='lat' dir='ltr'>Camdsui</span> <span class='ocrx_word' id='word_1_271' title='bbox 950 3026 1024 3076; x_wconf 80' lang='lat' dir='ltr'>Anne</span> <span class='ocrx_word' id='word_1_272' title='bbox 1033 3027 1079 3076; x_wconf 88' lang='lat' dir='ltr'>cle</span> <span class='ocrx_word' id='word_1_273' title='bbox 1089 3028 1117 3074; x_wconf 89' lang='lat' dir='ltr'>Ie</span> <span class='ocrx_word' id='word_1_274' title='bbox 1127 3041 1234 3077; x_wconf 84' lang='lat' dir='ltr'>nxxxu.</span> 
     </span>
    </p>
   </div>
   <div class='ocr_carea' id='block_1_4' title="bbox 126 3101 1235 3457">
    <p class='ocr_par' dir='ltr' id='par_1_5' title="bbox 133 3101 886 3170">
     <span class='ocr_line' id='line_1_31' title="bbox 133 3101 886 3170; baseline -0.011 -13"><span class='ocrx_word' id='word_1_275' title='bbox 133 3111 218 3170; x_wconf 78' lang='lat' dir='ltr'>impetn</span> <span class='ocrx_word' id='word_1_276' title='bbox 228 3109 304 3155; x_wconf 77' lang='lat' dir='ltr'>merle</span> <span class='ocrx_word' id='word_1_277' title='bbox 313 3113 384 3167; x_wconf 80' lang='lat' dir='ltr'>etque</span> <span class='ocrx_word' id='word_1_278' title='bbox 398 3110 488 3165; x_wconf 80' lang='lat' dir='ltr'>aperte,</span> <span class='ocrx_word' id='word_1_279' title='bbox 498 3105 586 3164; x_wconf 82' lang='lat' dir='ltr'>paucis</span> <span class='ocrx_word' id='word_1_280' title='bbox 598 3118 659 3164; x_wconf 79' lang='lat' dir='ltr'>por.</span> <span class='ocrx_word' id='word_1_281' title='bbox 710 3104 735 3147; x_wconf 88' lang='lat' dir='ltr'>et</span> <span class='ocrx_word' id='word_1_282' title='bbox 745 3101 791 3146; x_wconf 85' lang='lat' dir='ltr'>cle</span> <span class='ocrx_word' id='word_1_283' title='bbox 802 3101 847 3148; x_wconf 88' lang='lat' dir='ltr'>lce</span> <span class='ocrx_word' id='word_1_284' title='bbox 857 3114 886 3149; x_wconf 90' lang='grc' dir='ltr'>ιι.</span> 
     </span>
    </p>

    <p class='ocr_par' dir='ltr' id='par_1_6' title="bbox 126 3174 1235 3457">
     <span class='ocr_line' id='line_1_32' title="bbox 134 3174 1235 3239; baseline -0.004 -10"><span class='ocrx_word' id='word_1_285' title='bbox 134 3181 339 3238; x_wconf 71' lang='grc' dir='ltr'>ιιιιιιιιιιιεήισιίι</span> <span class='ocrx_word' id='word_1_286' title='bbox 353 3193 412 3239; x_wconf 81' lang='lat' dir='ltr'>qnos</span> <span class='ocrx_word' id='word_1_287' title='bbox 425 3183 500 3225; x_wconf 74' lang='grc' dir='ltr'>ιιιισιι</span> <span class='ocrx_word' id='word_1_288' title='bbox 516 3179 659 3237; x_wconf 58' lang='lat' dir='ltr'>epaonense</span> <span class='ocrx_word' id='word_1_289' title='bbox 753 3174 829 3230; x_wconf 80' lang='lat' dir='ltr'>⁷Qni</span> <span class='ocrx_word' id='word_1_290' title='bbox 847 3176 872 3222; x_wconf 85' lang='lat' dir='ltr'>ln</span> <span class='ocrx_word' id='word_1_291' title='bbox 896 3190 939 3223; x_wconf 88' lang='lat' dir='ltr'>ere</span> <span class='ocrx_word' id='word_1_292' title='bbox 961 3177 1017 3224; x_wconf 87' lang='lat' dir='ltr'>libri</span> <span class='ocrx_word' id='word_1_293' title='bbox 1041 3179 1093 3226; x_wconf 87' lang='lat' dir='ltr'>heic</span> <span class='ocrx_word' id='word_1_294' title='bbox 1115 3180 1235 3237; x_wconf 83' lang='lat' dir='ltr'>landatur,</span> 
     </span>
     <span class='ocr_line' id='line_1_33' title="bbox 126 3249 1234 3318; baseline -0.001 -18"><span class='ocrx_word' id='word_1_295' title='bbox 126 3258 183 3318; x_wconf 75' lang='lat' dir='ltr'>fers</span> <span class='ocrx_word' id='word_1_296' title='bbox 202 3257 244 3315; x_wconf 84' lang='lat' dir='ltr'>qul</span> <span class='ocrx_word' id='word_1_297' title='bbox 261 3255 340 3299; x_wconf 83' lang='lat' dir='ltr'>eedem</span> <span class='ocrx_word' id='word_1_298' title='bbox 359 3253 421 3298; x_wconf 81' lang='lat' dir='ltr'>meri</span> <span class='ocrx_word' id='word_1_299' title='bbox 437 3252 473 3297; x_wconf 84' lang='lat' dir='ltr'>uti</span> <span class='ocrx_word' id='word_1_300' title='bbox 487 3256 660 3308; x_wconf 67' lang='lat' dir='ltr'>consumment,</span> <span class='ocrx_word' id='word_1_301' title='bbox 710 3249 808 3306; x_wconf 87' lang='lat' dir='ltr'>Plinius,</span> <span class='ocrx_word' id='word_1_302' title='bbox 817 3251 851 3295; x_wconf 92' lang='lat' dir='ltr'>nil</span> <span class='ocrx_word' id='word_1_303' title='bbox 861 3250 909 3296; x_wconf 81' lang='lat' dir='ltr'>tale</span> <span class='ocrx_word' id='word_1_304' title='bbox 919 3250 1006 3308; x_wconf 69' lang='lat' dir='ltr'>habet,</span> <span class='ocrx_word' id='word_1_305' title='bbox 1023 3253 1068 3298; x_wconf 88' lang='lat' dir='ltr'>nisi</span> <span class='ocrx_word' id='word_1_306' title='bbox 1081 3254 1145 3313; x_wconf 91' lang='lat' dir='ltr'>qued</span> <span class='ocrx_word' id='word_1_307' title='bbox 1158 3254 1234 3298; x_wconf 82' lang='lat' dir='ltr'>refer·</span> 
     </span>
     <span class='ocr_line' id='line_1_34' title="bbox 134 3324 1235 3386; baseline -0.005 -9"><span class='ocrx_word' id='word_1_308' title='bbox 134 3331 219 3377; x_wconf 80' lang='lat' dir='ltr'>hebent</span> <span class='ocrx_word' id='word_1_309' title='bbox 235 3328 367 3386; x_wconf 59' lang='lat' dir='ltr'>ecanae.</span> <span class='ocrx_word' id='word_1_310' title='bbox 382 3326 454 3385; x_wconf 80' lang='lat' dir='ltr'>(Bell.</span> <span class='ocrx_word' id='word_1_311' title='bbox 478 3324 544 3372; x_wconf 83' lang='lat' dir='ltr'>Gall.</span> <span class='ocrx_word' id='word_1_312' title='bbox 562 3337 602 3372; x_wconf 90' lang='lat'>111.</span> <span class='ocrx_word' id='word_1_313' title='bbox 622 3325 659 3385; x_wconf 88' lang='lat'>8).</span> <span class='ocrx_word' id='word_1_314' title='bbox 708 3327 939 3382; x_wconf 70' lang='lat' dir='ltr'>turebaucterain</span> <span class='ocrx_word' id='word_1_315' title='bbox 953 3326 1066 3383; x_wconf 61' lang='lat' dir='ltr'>Netade</span> <span class='ocrx_word' id='word_1_316' title='bbox 1081 3328 1162 3374; x_wconf 81' lang='lat' dir='ltr'>Annio</span> <span class='ocrx_word' id='word_1_317' title='bbox 1178 3328 1235 3375; x_wconf 83' lang='lat' dir='ltr'>Ple.</span> 
     </span>
     <span class='ocr_line' id='line_1_35' title="bbox 134 3398 1081 3457; baseline 0 -8"><span class='ocrx_word' id='word_1_318' title='bbox 134 3404 221 3450; x_wconf 85' lang='lat' dir='ltr'>Florus</span> <span class='ocrx_word' id='word_1_319' title='bbox 240 3403 269 3447; x_wconf 86' lang='lat' dir='ltr'>ds</span> <span class='ocrx_word' id='word_1_320' title='bbox 286 3401 419 3446; x_wconf 70' lang='lat' dir='ltr'>amane.-</span> <span class='ocrx_word' id='word_1_321' title='bbox 439 3399 548 3444; x_wconf 78' lang='lat' dir='ltr'>Pudebat</span> <span class='ocrx_word' id='word_1_322' title='bbox 561 3399 660 3446; x_wconf 80' lang='lat' dir='ltr'>aobs&#39;lem</span> <span class='ocrx_word' id='word_1_323' title='bbox 708 3413 785 3457; x_wconf 82' lang='lat' dir='ltr'>came,</span> <span class='ocrx_word' id='word_1_324' title='bbox 794 3414 825 3446; x_wconf 89' lang='lat' dir='ltr'>ex</span> <span class='ocrx_word' id='word_1_325' title='bbox 834 3401 887 3447; x_wconf 91' lang='lat' dir='ltr'>Lib.</span> <span class='ocrx_word' id='word_1_326' title='bbox 897 3413 933 3446; x_wconf 80' lang='lat' dir='ltr'>vs.</span> <span class='ocrx_word' id='word_1_327' title='bbox 943 3403 982 3448; x_wconf 78' lang='lat'>22.</span> <span class='ocrx_word' id='word_1_328' title='bbox 1011 3398 1081 3450; x_wconf 86' lang='lat' dir='ltr'>J.B.</span> 
     </span>
    </p>
   </div>
   <div class='ocr_carea' id='block_1_5' title="bbox 129 3470 1233 3540">
    <p class='ocr_par' dir='ltr' id='par_1_7' title="bbox 129 3470 1233 3540">
     <span class='ocr_line' id='line_1_36' title="bbox 129 3470 1233 3540; baseline 0.006 -22"><span class='ocrx_word' id='word_1_329' title='bbox 129 3476 245 3536; x_wconf 71' lang='grc' dir='ltr'>ρσριιιιιιιι</span> <span class='ocrx_word' id='word_1_330' title='bbox 255 3473 336 3520; x_wconf 82' lang='lat' dir='ltr'>ableto</span> <span class='ocrx_word' id='word_1_331' title='bbox 341 3471 412 3528; x_wconf 78' lang='lat' dir='ltr'>merl,</span> <span class='ocrx_word' id='word_1_332' title='bbox 418 3470 496 3531; x_wconf 78' lang='lat' dir='ltr'>rapte</span> <span class='ocrx_word' id='word_1_333' title='bbox 501 3471 592 3528; x_wconf 71' lang='lat' dir='ltr'>acuta,</span> <span class='ocrx_word' id='word_1_334' title='bbox 600 3471 659 3520; x_wconf 84' lang='lat' dir='ltr'>dere</span> <span class='ocrx_word' id='word_1_335' title='bbox 753 3472 760 3508; x_wconf 87' lang='lat'>¹</span> <span class='ocrx_word' id='word_1_336' title='bbox 774 3475 845 3534; x_wconf 78' lang='lat' dir='ltr'>Quod</span> <span class='ocrx_word' id='word_1_337' title='bbox 852 3475 878 3520; x_wconf 78' lang='grc' dir='ltr'>ιἰι</span> <span class='ocrx_word' id='word_1_338' title='bbox 883 3479 957 3535; x_wconf 81' lang='lat' dir='ltr'>peste</span> <span class='ocrx_word' id='word_1_339' title='bbox 962 3474 1094 3535; x_wconf 67' lang='lat' dir='ltr'>Byzantina·</span> <span class='ocrx_word' id='word_1_340' title='bbox 1099 3476 1233 3540; x_wconf 66' lang='grc' dir='ltr'>αἰσειαιιι]</span> 
     </span>
    </p>
   </div>
   <div class='ocr_carea' id='block_1_6' title="bbox 131 3690 1235 4447">
    <p class='ocr_par' dir='ltr' id='par_1_8' title="bbox 131 3690 1235 4018">
     <span class='ocr_line' id='line_1_37' title="bbox 132 3690 1233 3764; baseline 0.003 -21"><span class='ocrx_word' id='word_1_341' title='bbox 132 3691 180 3761; x_wconf 87' lang='lat' dir='ltr'>ing</span> <span class='ocrx_word' id='word_1_342' title='bbox 191 3695 221 3744; x_wconf 93' lang='lat' dir='ltr'>to</span> <span class='ocrx_word' id='word_1_343' title='bbox 230 3706 367 3761; x_wconf 81' lang='lat' dir='ltr'>apamen,</span> <span class='ocrx_word' id='word_1_344' title='bbox 381 3707 414 3746; x_wconf 90' lang='lat' dir='ltr'>er</span> <span class='ocrx_word' id='word_1_345' title='bbox 427 3707 458 3746; x_wconf 85' lang='lat' dir='ltr'>as</span> <span class='ocrx_word' id='word_1_346' title='bbox 469 3690 621 3763; x_wconf 82' lang='lat' dir='ltr'>belonging</span> <span class='ocrx_word' id='word_1_347' title='bbox 631 3697 662 3747; x_wconf 89' lang='lat' dir='ltr'>te</span> <span class='ocrx_word' id='word_1_348' title='bbox 673 3708 691 3746; x_wconf 89' lang='lat' dir='ltr'>a</span> <span class='ocrx_word' id='word_1_349' title='bbox 702 3691 852 3763; x_wconf 82' lang='lat' dir='ltr'>territory:</span> <span class='ocrx_word' id='word_1_350' title='bbox 882 3691 1035 3762; x_wconf 87' lang='lat' dir='ltr'>belonging</span> <span class='ocrx_word' id='word_1_351' title='bbox 1048 3697 1079 3746; x_wconf 92' lang='lat' dir='ltr'>to</span> <span class='ocrx_word' id='word_1_352' title='bbox 1090 3708 1109 3746; x_wconf 84' lang='lat' dir='ltr'>a</span> <span class='ocrx_word' id='word_1_353' title='bbox 1122 3708 1233 3764; x_wconf 88' lang='lat' dir='ltr'>persen,</span> 
     </span>
     <span class='ocr_line' id='line_1_38' title="bbox 131 3775 1235 3848; baseline 0.003 -20"><span class='ocrx_word' id='word_1_354' title='bbox 131 3776 212 3830; x_wconf 84' lang='lat' dir='ltr'>when</span> <span class='ocrx_word' id='word_1_355' title='bbox 226 3776 263 3830; x_wconf 90' lang='lat' dir='ltr'>he</span> <span class='ocrx_word' id='word_1_356' title='bbox 278 3775 329 3830; x_wconf 88' lang='lat' dir='ltr'>has</span> <span class='ocrx_word' id='word_1_357' title='bbox 343 3793 361 3831; x_wconf 97' lang='lat' dir='ltr'>a</span> <span class='ocrx_word' id='word_1_358' title='bbox 377 3777 444 3831; x_wconf 84' lang='lat' dir='ltr'>fleat</span> <span class='ocrx_word' id='word_1_359' title='bbox 454 3776 544 3832; x_wconf 83' lang='lat' dir='ltr'>which</span> <span class='ocrx_word' id='word_1_360' title='bbox 559 3777 721 3832; x_wconf 85' lang='lat' dir='ltr'>commanda</span> <span class='ocrx_word' id='word_1_361' title='bbox 736 3777 800 3831; x_wconf 91' lang='lat' dir='ltr'>that</span> <span class='ocrx_word' id='word_1_362' title='bbox 813 3784 877 3847; x_wconf 90' lang='lat' dir='ltr'>part</span> <span class='ocrx_word' id='word_1_363' title='bbox 892 3777 925 3831; x_wconf 82' lang='lat' dir='ltr'>of</span> <span class='ocrx_word' id='word_1_364' title='bbox 936 3776 985 3832; x_wconf 88' lang='lat' dir='ltr'>the</span> <span class='ocrx_word' id='word_1_365' title='bbox 999 3795 1064 3842; x_wconf 88' lang='lat' dir='ltr'>sea;</span> <span class='ocrx_word' id='word_1_366' title='bbox 1081 3777 1235 3848; x_wconf 87' lang='lat' dir='ltr'>belonging</span> 
     </span>
     <span class='ocr_line' id='line_1_39' title="bbox 131 3861 1233 3933; baseline 0.002 -16"><span class='ocrx_word' id='word_1_367' title='bbox 131 3868 161 3918; x_wconf 93' lang='lat' dir='ltr'>te</span> <span class='ocrx_word' id='word_1_368' title='bbox 174 3879 191 3916; x_wconf 86' lang='lat' dir='ltr'>a</span> <span class='ocrx_word' id='word_1_369' title='bbox 202 3863 344 3933; x_wconf 83' lang='lat' dir='ltr'>territory,</span> <span class='ocrx_word' id='word_1_370' title='bbox 355 3863 385 3915; x_wconf 93' lang='lat' dir='ltr'>in</span> <span class='ocrx_word' id='word_1_371' title='bbox 396 3878 427 3917; x_wconf 89' lang='lat' dir='ltr'>se</span> <span class='ocrx_word' id='word_1_372' title='bbox 438 3863 483 3917; x_wconf 80' lang='lat' dir='ltr'>far</span> <span class='ocrx_word' id='word_1_373' title='bbox 494 3879 524 3917; x_wconf 92' lang='lat' dir='ltr'>as</span> <span class='ocrx_word' id='word_1_374' title='bbox 539 3863 619 3918; x_wconf 90' lang='lat' dir='ltr'>these</span> <span class='ocrx_word' id='word_1_375' title='bbox 632 3863 693 3917; x_wconf 83' lang='lat' dir='ltr'>whe</span> <span class='ocrx_word' id='word_1_376' title='bbox 704 3862 757 3916; x_wconf 89' lang='lat' dir='ltr'>sail</span> <span class='ocrx_word' id='word_1_377' title='bbox 771 3863 801 3914; x_wconf 93' lang='lat' dir='ltr'>in</span> <span class='ocrx_word' id='word_1_378' title='bbox 812 3861 875 3916; x_wconf 89' lang='lat' dir='ltr'>that</span> <span class='ocrx_word' id='word_1_379' title='bbox 889 3869 954 3933; x_wconf 87' lang='lat' dir='ltr'>part</span> <span class='ocrx_word' id='word_1_380' title='bbox 964 3862 997 3917; x_wconf 85' lang='lat' dir='ltr'>ei</span> <span class='ocrx_word' id='word_1_381' title='bbox 1009 3863 1058 3918; x_wconf 90' lang='lat' dir='ltr'>the</span> <span class='ocrx_word' id='word_1_382' title='bbox 1072 3879 1121 3919; x_wconf 89' lang='lat' dir='ltr'>sea</span> <span class='ocrx_word' id='word_1_383' title='bbox 1132 3880 1185 3918; x_wconf 85' lang='lat' dir='ltr'>can</span> <span class='ocrx_word' id='word_1_384' title='bbox 1197 3864 1233 3919; x_wconf 90' lang='lat' dir='ltr'>bc</span> 
     </span>
     <span class='ocr_line' id='line_1_40' title="bbox 131 3946 914 4018; baseline -0.003 -16"><span class='ocrx_word' id='word_1_385' title='bbox 131 3948 288 4018; x_wconf 88' lang='lat' dir='ltr'>compelled</span> <span class='ocrx_word' id='word_1_386' title='bbox 302 3946 376 4002; x_wconf 83' lang='lat' dir='ltr'>from</span> <span class='ocrx_word' id='word_1_387' title='bbox 387 3948 437 4002; x_wconf 91' lang='lat' dir='ltr'>the</span> <span class='ocrx_word' id='word_1_388' title='bbox 451 3949 534 4003; x_wconf 91' lang='lat' dir='ltr'>shore</span> <span class='ocrx_word' id='word_1_389' title='bbox 546 3964 577 4001; x_wconf 88' lang='lat' dir='ltr'>es</span> <span class='ocrx_word' id='word_1_390' title='bbox 588 3947 614 4001; x_wconf 85' lang='lat' dir='ltr'>ii</span> <span class='ocrx_word' id='word_1_391' title='bbox 626 3947 694 4017; x_wconf 85' lang='lat' dir='ltr'>they</span> <span class='ocrx_word' id='word_1_392' title='bbox 704 3962 778 4000; x_wconf 78' lang='lat' dir='ltr'>were</span> <span class='ocrx_word' id='word_1_393' title='bbox 789 3962 828 3999; x_wconf 96' lang='lat' dir='ltr'>on</span> <span class='ocrx_word' id='word_1_394' title='bbox 838 3947 914 4001; x_wconf 87' lang='lat' dir='ltr'>land.</span> 
     </span>
    </p>

    <p class='ocr_par' dir='ltr' id='par_1_9' title="bbox 131 4031 1234 4447">
     <span class='ocr_line' id='line_1_41' title="bbox 187 4031 1233 4102; baseline 0.002 -15"><span class='ocrx_word' id='word_1_395' title='bbox 187 4034 267 4088; x_wconf 90' lang='lat' dir='ltr'>XIV.</span> <span class='ocrx_word' id='word_1_396' title='bbox 304 4033 401 4088; x_wconf 89' lang='lat' dir='ltr'>Hence</span> <span class='ocrx_word' id='word_1_397' title='bbox 423 4033 460 4087; x_wconf 92' lang='lat' dir='ltr'>he</span> <span class='ocrx_word' id='word_1_398' title='bbox 482 4033 550 4088; x_wconf 89' lang='lat' dir='ltr'>dees</span> <span class='ocrx_word' id='word_1_399' title='bbox 569 4031 688 4102; x_wconf 89' lang='lat' dir='ltr'>nothing</span> <span class='ocrx_word' id='word_1_400' title='bbox 709 4036 841 4102; x_wconf 85' lang='lat' dir='ltr'>contrary</span> <span class='ocrx_word' id='word_1_401' title='bbox 862 4039 892 4086; x_wconf 90' lang='lat' dir='ltr'>te</span> <span class='ocrx_word' id='word_1_402' title='bbox 914 4032 964 4087; x_wconf 89' lang='lat' dir='ltr'>the</span> <span class='ocrx_word' id='word_1_403' title='bbox 983 4034 1050 4087; x_wconf 76' lang='lat' dir='ltr'>Lae</span> <span class='ocrx_word' id='word_1_404' title='bbox 1071 4034 1105 4088; x_wconf 83' lang='lat' dir='ltr'>ef</span> <span class='ocrx_word' id='word_1_405' title='bbox 1123 4034 1233 4089; x_wconf 87' lang='lat' dir='ltr'>Nature</span> 
     </span>
     <span class='ocr_line' id='line_1_42' title="bbox 131 4115 1233 4189; baseline 0.001 -19"><span class='ocrx_word' id='word_1_406' title='bbox 131 4117 187 4170; x_wconf 90' lang='lat' dir='ltr'>and</span> <span class='ocrx_word' id='word_1_407' title='bbox 195 4119 324 4180; x_wconf 89' lang='lat' dir='ltr'>Nations,</span> <span class='ocrx_word' id='word_1_408' title='bbox 339 4118 409 4183; x_wconf 83' lang='lat' dir='ltr'>who,</span> <span class='ocrx_word' id='word_1_409' title='bbox 421 4118 610 4187; x_wconf 86' lang='lat' dir='ltr'>undertaking</span> <span class='ocrx_word' id='word_1_410' title='bbox 624 4116 673 4170; x_wconf 90' lang='lat' dir='ltr'>the</span> <span class='ocrx_word' id='word_1_411' title='bbox 686 4132 751 4170; x_wconf 90' lang='lat' dir='ltr'>care</span> <span class='ocrx_word' id='word_1_412' title='bbox 763 4115 796 4169; x_wconf 84' lang='lat' dir='ltr'>ef</span> <span class='ocrx_word' id='word_1_413' title='bbox 804 4117 934 4188; x_wconf 88' lang='lat' dir='ltr'>assisting</span> <span class='ocrx_word' id='word_1_414' title='bbox 943 4119 1104 4189; x_wconf 81' lang='lat' dir='ltr'>navigatien</span> <span class='ocrx_word' id='word_1_415' title='bbox 1115 4118 1153 4187; x_wconf 89' lang='lat' dir='ltr'>by</span> <span class='ocrx_word' id='word_1_416' title='bbox 1167 4134 1233 4188; x_wconf 86' lang='lat' dir='ltr'>pre-</span> 
     </span>
     <span class='ocr_line' id='line_1_43' title="bbox 131 4199 1234 4274; baseline 0.003 -22"><span class='ocrx_word' id='word_1_417' title='bbox 131 4200 225 4271; x_wconf 86' lang='lat' dir='ltr'>viding</span> <span class='ocrx_word' id='word_1_418' title='bbox 239 4202 411 4272; x_wconf 88' lang='lat' dir='ltr'>lightheuses</span> <span class='ocrx_word' id='word_1_419' title='bbox 429 4203 486 4257; x_wconf 90' lang='lat' dir='ltr'>end</span> <span class='ocrx_word' id='word_1_420' title='bbox 500 4202 624 4273; x_wconf 88' lang='lat' dir='ltr'>huoying</span> <span class='ocrx_word' id='word_1_421' title='bbox 638 4199 819 4265; x_wconf 78' lang='lat' dir='ltr'>send-benis,</span> <span class='ocrx_word' id='word_1_422' title='bbox 833 4202 953 4274; x_wconf 82' lang='lat' dir='ltr'>impones</span> <span class='ocrx_word' id='word_1_423' title='bbox 968 4220 1006 4257; x_wconf 89' lang='lat' dir='ltr'>an</span> <span class='ocrx_word' id='word_1_424' title='bbox 1022 4201 1164 4272; x_wconf 83' lang='lat' dir='ltr'>equitabis</span> <span class='ocrx_word' id='word_1_425' title='bbox 1185 4208 1234 4255; x_wconf 83' lang='lat' dir='ltr'>tax</span> 
     </span>
     <span class='ocr_line' id='line_1_44' title="bbox 132 4285 1233 4358; baseline 0.003 -21"><span class='ocrx_word' id='word_1_426' title='bbox 132 4300 209 4355; x_wconf 93' lang='lat' dir='ltr'>upon</span> <span class='ocrx_word' id='word_1_427' title='bbox 222 4288 396 4356; x_wconf 67' lang='lat' dir='ltr'>navigalem</span> <span class='ocrx_word' id='word_1_428' title='bbox 413 4289 470 4342; x_wconf 84' lang='lat' dir='ltr'>like</span> <span class='ocrx_word' id='word_1_429' title='bbox 481 4287 531 4342; x_wconf 91' lang='lat' dir='ltr'>the</span> <span class='ocrx_word' id='word_1_430' title='bbox 545 4288 657 4341; x_wconf 83' lang='lat' dir='ltr'>Romen</span> <span class='ocrx_word' id='word_1_431' title='bbox 671 4285 838 4358; x_wconf 80' lang='lat' dir='ltr'>Erythraeae</span> <span class='ocrx_word' id='word_1_432' title='bbox 854 4293 901 4341; x_wconf 87' lang='lat' dir='ltr'>tax</span> <span class='ocrx_word' id='word_1_433' title='bbox 913 4296 944 4343; x_wconf 96' lang='lat' dir='ltr'>te</span> <span class='ocrx_word' id='word_1_434' title='bbox 957 4293 1034 4343; x_wconf 89' lang='lat' dir='ltr'>meet</span> <span class='ocrx_word' id='word_1_435' title='bbox 1048 4286 1097 4340; x_wconf 93' lang='lat' dir='ltr'>the</span> <span class='ocrx_word' id='word_1_436' title='bbox 1112 4302 1233 4355; x_wconf 82' lang='lat' dir='ltr'>expense</span> 
     </span>
     <span class='ocr_line' id='line_1_45' title="bbox 131 4368 1234 4447; baseline 0.003 -24"><span class='ocrx_word' id='word_1_437' title='bbox 131 4368 164 4424; x_wconf 82' lang='lat' dir='ltr'>ef</span> <span class='ocrx_word' id='word_1_438' title='bbox 175 4368 224 4424; x_wconf 92' lang='lat' dir='ltr'>the</span> <span class='ocrx_word' id='word_1_439' title='bbox 235 4372 395 4444; x_wconf 83' lang='lat' dir='ltr'>expedition</span> <span class='ocrx_word' id='word_1_440' title='bbox 406 4373 516 4446; x_wconf 81' lang='lat' dir='ltr'>against</span> <span class='ocrx_word' id='word_1_441' title='bbox 526 4371 576 4428; x_wconf 92' lang='lat' dir='ltr'>the</span> <span class='ocrx_word' id='word_1_442' title='bbox 586 4372 709 4444; x_wconf 86' lang='lat' dir='ltr'>pirates;</span> <span class='ocrx_word' id='word_1_443' title='bbox 720 4371 778 4425; x_wconf 85' lang='lat' dir='ltr'>and</span> <span class='ocrx_word' id='word_1_444' title='bbox 790 4370 838 4426; x_wconf 87' lang='lat' dir='ltr'>the</span> <span class='ocrx_word' id='word_1_445' title='bbox 849 4389 966 4447; x_wconf 79' lang='lat' dir='ltr'>passage</span> <span class='ocrx_word' id='word_1_446' title='bbox 977 4373 1047 4427; x_wconf 85' lang='lat' dir='ltr'>dues</span> <span class='ocrx_word' id='word_1_447' title='bbox 1057 4369 1149 4423; x_wconf 78' lang='lat' dir='ltr'>which</span> <span class='ocrx_word' id='word_1_448' title='bbox 1161 4387 1234 4426; x_wconf 76' lang='lat' dir='ltr'>were</span> 
     </span>
    </p>
   </div>
   <div class='ocr_carea' id='block_1_7' title="bbox 0 0 1438 4906">
    <p class='ocr_par' dir='ltr' id='par_1_10' title="bbox 0 0 1438 4906">
     <span class='ocr_line' id='line_1_46' title="bbox 0 0 1438 4906; baseline 0 1"><span class='ocrx_word' id='word_1_449' title='bbox 0 0 1438 4906; x_wconf 95' lang='lat' dir='ltr'> </span> 
     </span>
    </p>
   </div>
  </div>
 </body>
</html>
