2866 4906
131 226 201 285 (ier.
216 223 265 294 V.]
423 223 535 280 JURIS
556 222 601 279 IN
621 221 831 288 PERSONAS,
852 222 935 279 ETO.
1165 213 1230 280 323

126 391 255 480 junctio,
285 387 406 456 etiamsi
430 389 558 455 effectos
581 386 708 474 quidem
736 383 816 472 legis
840 383 937 450 civilis
960 407 1024 451 non
1050 395 1230 474 sequentur,

131 499 187 558 ent
200 488 315 575 elioqni
339 498 450 575 eponte
469 487 605 554 secuturi
620 487 692 574 lege
711 484 929 572 impediantur.
972 486 1077 571 Atque
1093 487 1175 553 huno
1197 488 1231 552 in

131 611 254 656 sensum
270 586 421 673 cupiendo
437 596 509 652 sunt
525 587 622 652 verbe
638 584 757 650 concilii
775 581 917 650 Toletani
933 583 1045 671 primis
1074 587 1231 652 Ueterum
1241 603 1389 648 coeunte

131 692 172 766 ie,
196 690 254 773 qui
269 709 334 752 nce
354 689 448 752 babet
471 707 611 760 uxorem,
628 697 660 750 ct
675 688 752 769 ’pro
774 705 874 748 neore
896 685 1108 749 concubinam
1124 687 1229 763 babet,

133 811 157 853 c
171 787 388 853 communione
402 808 466 851 non
482 785 683 869 repellatur:
700 795 808 848 tomen
825 794 865 846 ut
877 784 979 848 unius
995 784 1152 863 moderic,
1170 796 1231 851 cet

133 887 256 963 eserie,
272 895 335 951 oet
352 886 544 960 cmwbinoe,
561 894 599 948 nt
623 883 842 968 eiplacucrit,
858 883 903 946 eit
925 882 1143 965 cmp'uocticne
1158 905 1231 950 ccu-

135 997 247 1051 tentue.
281 981 339 1049 Cui
354 983 436 1048 edde
451 982 552 1047 loenm
567 979 779 1047 inclementis
800 980 1087 1047 Comtitutiouibece
1097 980 1149 1048 lib.
1161 1003 1229 1048 vm.

134 1104 203 1170 oep.
219 1081 314 1148 xxxii.
365 1081 506 1147 Pertinet
530 1080 591 1145 huo
615 1079 699 1165 quod
722 1077 914 1143 Theodosius
938 1086 971 1145 et
995 1078 1231 1147 Valentinianus
1242 1088 1390 1177 334¹&ss

133 1179 369 1247 concubinetnm
391 1179 545 1266 quendem
568 1187 681 1245 vocent
703 1176 856 1263 insequele
879 1176 1065 1266 conjugium,
1090 1186 1124 1246 et
1147 1181 1231 1267 quod

134 1278 371 1347 indeedulterii
387 1275 777 1344 memetionmddieitur.
1242 1291 1383 1379 {ihm

211 1380 299 1445 XVI.
340 1380 360 1443 1
391 1378 459 1441 Imo
475 1375 569 1442 etiem
591 1375 618 1441 ei
641 1374 694 1441 lox
715 1375 852 1439 humane
874 1373 1017 1464 conjugia
1032 1375 1115 1443 inter
1128 1386 1232 1444 certes
1242 1384 1314 1424 M

135 1498 284 1564 personne
309 1474 449 1542 contrahi
473 1474 648 1561 prohibent,
674 1495 736 1539 non
755 1473 826 1538 ideo
849 1483 996 1561 sequetur
1017 1474 1141 1542 irritum
1163 1475 1233 1542 iore

134 1575 375 1651 matrimonium,
392 1573 419 1638 si
435 1573 539 1659 reipee
558 1572 770 1639 contrahetur.
814 1572 895 1638 Sunt
910 1573 993 1638 enim
1008 1573 1141 1652 diverse,
1158 1596 1232 1662 pro-

134 1675 252 1756 hibere,
271 1683 303 1738 et
315 1673 438 1738 irritum
454 1670 530 1758 qnid
545 1670 668 1737 iecere:
689 1693 762 1736 nem
778 1670 946 1757 prohibitio
963 1672 1024 1738 rim
1040 1694 1128 1739 enum
1145 1695 1233 1739 exse-

134 1795 206 1839 rere
223 1781 326 1860 potest
342 1793 399 1859 per
415 1792 540 1858 poenem
553 1769 604 1836 vel
616 1767 804 1856 expreeeem,
821 1769 875 1835 rel
890 1770 1108 1839 erbitreriemr
1125 1783 1158 1839 et
1173 1773 1233 1839 hec

134 1893 235 1960 genus
250 1870 336 1960 leges
348 1869 546 1957 imperfectae
558 1878 649 1938 vocet
666 1869 827 1956 Ulpianus,
845 1864 929 1955 tquse
943 1869 1011 1936 fieri
1023 1870 1099 1957 qnid
1112 1879 1232 1950 vetent,
1244 1888 1314 1984 ppo
1323 1887 1390 1928 ren

135 2060 191 2093 narr
200 2045 285 2092 bebere
294 2060 340 2091 non
345 2049 431 2105 potest,
445 2059 474 2091 ne
482 2044 514 2091 eb
524 2058 601 2091 uem
609 2058 661 2092 cere
710 2058 765 2091 enm
776 2045 818 2104 qni
828 2043 883 2104 plne
892 2045 990 2104 ceperit,
1000 2046 1128 2106 quadrupli
1138 2060 1235 2107 penem

135 2121 230 2168 dilectio
239 2125 333 2180 reperet
341 2118 480 2167 concubine.
710 2119 879 2175 constituebat,
893 2126 1041 2166 memorante
1050 2121 1162 2181 Ulpiano.
1175 2121 1234 2180 (Tit.

179 2192 661 2254 tQunflertqeeidretout,eedsocturn
712 2206 730 2240 1.
749 2192 811 2252 52.)
832 2193 969 2240 Meorebine
986 2193 1136 2241 dreefinenr
1152 2208 1235 2241 eornm

135 2285 182 2317 eron
192 2269 336 2329 rescindunt]
351 2269 547 2328 Lirine,librox.
557 2269 660 2329 (cepti.)
711 2280 766 2327 quer
790 2267 886 2327 scripsit
915 2268 947 2314 ed
975 2268 1094 2314 somnium
1118 2268 1236 2329 Scipionis

140 2345 238 2391 Valeria
255 2345 300 2401 lex,
320 2357 371 2390 eum
387 2358 439 2390 eurr
454 2345 496 2404 qui
508 2349 661 2403 prouocasset
711 2343 775 2401 (Lib.
786 2355 817 2389 11.
827 2343 911 2401 c.17)=
933 2343 999 2390 Inter
1012 2344 1073 2403 leues
1088 2344 1133 2390 iiia
1147 2344 1233 2404 imper·

135 2419 211 2478 oiroie
228 2417 295 2474 coedi,
309 2419 431 2478 securique
446 2419 530 2465 necari
545 2419 660 2474 vomisset,
704 2417 774 2477 ficta
787 2416 884 2474 dieitur,
900 2418 926 2463 in
939 2433 988 2477 quc
1002 2418 1071 2464 nuile
1087 2417 1236 2466 decidentibus

135 2493 159 2539 ei
169 2493 223 2552 puis
237 2492 349 2539 admeee
362 2506 391 2538 eo
397 2494 503 2554 fecisset,
517 2493 579 2538 nibil
592 2493 661 2540 ultro
707 2505 780 2552 poeno
794 2492 909 2538 mter.
939 2492 1002 2539 Vide
1011 2506 1084 2553 enpre
1096 2493 1142 2540 hoo
1156 2492 1237 2553 cupite

135 2566 411 2627 qeeomimprobesuctum
418 2567 513 2625 adiecit:
520 2566 547 2612 id
554 2565 661 2627 (quitum
712 2566 727 2628 ᾗ
739 2569 775 2612 14.
788 2567 811 2611 in
822 2566 878 2613 line.
899 2566 939 2613 Sic
948 2566 1017 2613 dlrne
1026 2568 1124 2614 Merene
1133 2567 1237 2629 noctip-

132 2643 214 2703 pudor
222 2645 339 2689 terrim
348 2642 491 2702 erathium
498 2641 568 2689 credo
576 2643 661 2689 cincu-
712 2642 756 2688 sit:
765 2640 830 2687 Eure
838 2641 951 2697 heredem,
960 2640 1003 2701 pei
1008 2642 1237 2702 probibetfieeeroei

137 2717 450 2777 lumeneeoltdomteqe:
467 2718 578 2764 nuncrir
591 2731 661 2765 serem
712 2716 744 2761 nb
759 2728 794 2772 eo,
812 2729 879 2775 quen
900 2720 998 2762 Meter
1014 2716 1090 2776 eiecit,
1109 2730 1157 2762 nen
1174 2721 1238 2764 recte

137 2792 174 2837 ite
187 2793 287 2838 mirem
302 2792 439 2851 quiequam.
469 2793 662 2839 LexFurietee-
709 2789 916 2850 sucererpoem
929 2795 1005 2836 men
1019 2790 1046 2835 ire
1059 2803 1110 2836 esee
1123 2795 1237 2837 muron

137 2865 279 2911 nmeumrie
288 2865 416 2925 plneqnem
426 2864 584 2912 miileeeeinm
594 2867 661 2926 lege-
712 2878 759 2910 ror
767 2878 825 2912 csse.
855 2864 894 2923 (h.
904 2867 941 2910 14.
954 2863 969 2925 5
980 2867 1017 2911 14.
1027 2864 1060 2915 D.
1090 2865 1130 2912 De
1139 2865 1233 2926 Reiiqi·

138 2939 189 2980 tnm
200 2935 312 2982 mortisve
326 2948 398 2981 cenee
411 2935 554 2994 prohibebet
567 2950 661 2996 cepere,
713 2939 762 2985 orie
770 2943 793 2985 et
801 2937 1021 3000 umbramen).

137 3014 226 3071 proter
241 3013 355 3069 exceptus
369 3023 492 3070 pmeonee,
509 3014 535 3058 et
550 3011 662 3058 edvemns

137 3243 173 3297 In
194 3242 250 3296 thie
264 3256 345 3297 sense
359 3256 408 3293 ere
422 3246 452 3295 ιο
466 3241 503 3294 be
521 3242 692 3297 understood
711 3243 760 3299 the
774 3244 864 3299 words
886 3245 978 3301 ottho
1000 3246 1060 3300 hrot
1075 3246 1193 3302 counoil
1206 3248 1242 3304 ot

139 3326 261 3381 Toledo:
285 3324 330 3377 He
340 3325 406 3386 sobo,
420 3333 466 3376 not
477 3326 576 3395 bouinq
585 3343 605 3378 o
619 3327 690 3396 ue'se,
701 3328 750 3381 bne
764 3346 782 3380 a
796 3330 942 3394 eonomine,
956 3331 1036 3385 ieoot
1048 3339 1074 3384 ιο
1088 3333 1117 3386 be
1130 3334 1239 3404 rq'ectei

131 3412 214 3480 from
228 3411 269 3462 tbc
284 3408 477 3468 Cmnrnenionr
495 3426 524 3463 eo
539 3411 602 3480 only
616 3412 674 3464 tbot
689 3412 719 3463 bc
732 3412 761 3465 be
778 3420 880 3467 content
896 3414 961 3467 witb
979 3415 1019 3468 tbe
1035 3415 1129 3487 eociay
1145 3419 1183 3487 os
1190 3434 1239 3472 ene

139 3512 254 3558 weron,
266 3493 378 3546 sebaim
389 3492 452 3560 surse
463 3484 654 3548 or'concubiuc.
691 3494 756 3548 Add
768 3501 797 3550 to
809 3496 874 3561 this,
886 3496 935 3552 the
946 3514 1062 3569 peeeege
1073 3500 1104 3553 in
1114 3499 1164 3556 the
1173 3500 1237 3557 cle-

139 3580 267 3634 mentine
290 3576 502 3631 Constitutione.
541 3579 580 3634 So
601 3579 774 3635 Theodosios
788 3582 844 3636 end
859 3582 1040 3638 Valentinien
1059 3584 1113 3640 coll
1130 3586 1238 3643 certein

139 3681 217 3720 ceses
234 3665 268 3718 of
286 3661 476 3734 concubinege
499 3664 622 3736 unoquel
639 3665 799 3736 merriegee
822 3666 879 3721 end
896 3683 946 3742 eey
965 3665 1029 3725 thet
1046 3685 1065 3724 e
1082 3670 1185 3745 oberge
1205 3671 1239 3730 of

138 3751 270 3821 edultery
284 3764 349 3819 moy
360 3748 432 3802 eriee
443 3753 495 3803 out
506 3750 539 3804 oi
547 3749 635 3806 them.

196 3836 277 3890 XVI.
312 3839 327 3888 1
351 3832 415 3887 And
426 3849 496 3889 even
507 3836 533 3890 if
538 3835 644 3890 humen
656 3837 722 3890 Lew
730 3835 823 3891 forbid
834 3839 984 3910 meningen
993 3839 1120 3897 between
1130 3843 1238 3899 certein

139 3938 265 3994 persons,
282 3920 306 3974 it
321 3919 388 3973 doce
409 3925 460 3976 not
479 3920 572 3976 follow
594 3922 657 3977 thet
673 3919 723 3976 the
739 3923 877 3994 merriege
891 3924 914 3979 is
928 3925 1001 3990 void,
1018 3925 1044 3980 if
1061 3927 1085 3982 it
1098 3926 1135 3982 bo
1148 3928 1239 4002 reelly

140 4005 310 4063 contrectod.
344 4005 401 4059 For
411 4003 492 4062 these
504 4024 552 4062 ere
566 4013 622 4063 two
636 4006 767 4063 different
778 4010 947 4079 operatione,
957 4016 987 4065 to
996 4011 1129 4083 prebebit,
1138 4013 1196 4068 end
1206 4020 1239 4070 to

140 4094 226 4146 ennul
238 4091 347 4146 rhetis
359 4091 441 4147 done.
479 4093 537 4147 For
547 4092 720 4165 prohibition
731 4110 796 4164 moy
809 4102 888 4149 erert
898 4096 935 4150 its
946 4095 1024 4153 force
1038 4097 1077 4170 by
1090 4114 1109 4152 s
1121 4098 1238 4170 penalty

141 4176 232 4231 either
246 4193 356 4249 express
368 4192 401 4231 or
412 4177 559 4250 erbitrery.
587 4178 694 4250 Ulpien
709 4178 776 4233 colle
790 4178 846 4234 thie
859 4179 929 4235 kind
943 4181 977 4236 of
987 4182 1067 4236 huwe
1082 4183 1239 4254 imperfect,

140 4260 231 4314 which
245 4261 338 4316 forbid
350 4278 368 4316 e
379 4261 459 4333 thing
474 4269 503 4320 to
517 4264 554 4320 bo
569 4263 652 4330 done,
666 4262 718 4320 but
729 4263 766 4320 do
778 4269 829 4322 not
841 4266 953 4322 roecind
966 4268 990 4321 it
1003 4266 1029 4321 if
1040 4267 1125 4322 done.
1161 4267 1239 4323 Such

141 4362 196 4400 wne
211 4345 259 4400 the
274 4347 389 4402 Oineien
402 4348 478 4404 Lew.

1023 4448 1137 4512 21-e
