2866 4906
226 188 247 251 6
517 196 613 261 QUID
638 196 804 262 BELLUM,
829 197 924 262 QUID
947 198 1024 256 JUS.
1210 199 1319 269 [iuml

224 360 325 451 pleno,
347 369 384 431 ut
399 362 602 440 ususfructus,
623 363 676 451 jus
698 362 858 454 pignoris:
884 363 1094 444 eumedium,
1120 364 1186 430 loui
1210 388 1249 431 ex
1266 366 1322 432 ad-

224 485 315 529 verso
331 465 499 552 respondet
516 463 663 529 debitum.

298 565 356 630 VI.
409 564 472 629 Sed
489 564 556 629 haec
572 564 703 630 facultas
719 585 842 630 rursum
865 562 980 652 duplex
996 571 1063 631 est:
1088 563 1227 654 vulgaris
1243 565 1321 631 scili·

223 669 283 739 cet,
308 685 379 750 qum
395 685 469 729 usus
485 664 680 752 particularis
703 685 796 730 cause
820 672 1000 752 comparate
1021 672 1089 741 θεῖς
1115 675 1148 731 et
1173 666 1320 743 eminens,

223 784 293 849 quae
316 762 456 850 superior
472 772 520 830 est
536 764 609 852 jure
626 763 758 852 vulgari,
779 772 888 851 utpote
909 763 1122 830 communitati
1143 776 1320 852 competens

222 861 255 927 in
272 871 378 950 partes
395 872 428 929 et
443 885 495 929 res
510 863 656 950 portium,
675 863 747 929 boni
763 864 931 930 communis
947 885 1049 930 censa.
1093 863 1145 929 Sic
1160 866 1250 954 regie
1266 888 1320 953 po·

223 971 319 1027 testes
340 963 398 1029 sub
415 985 449 1029 so
470 963 567 1029 hebet
582 972 616 1029 et
631 962 765 1050 patriam
788 971 821 1029 et
842 963 1025 1030 dominicam
1045 972 1251 1050 potestatem:
1277 966 1320 1031 sic

222 1061 273 1126 liu
289 1084 341 1128 res
357 1061 548 1152 singulorum
565 1062 664 1150 majus
681 1071 729 1128 est
745 1062 912 1129 dominium
932 1062 1030 1151 Regis
1045 1063 1088 1129 ed
1108 1064 1221 1130 bonnm
1239 1087 1321 1131 com·

221 1183 324 1240 mune,
348 1183 441 1248 quam
462 1162 656 1229 dominorum
677 1162 897 1250 singulariumr
922 1163 965 1229 sic
987 1161 1165 1249 reipublice
1190 1163 1320 1251 quisque

221 1261 262 1326 od
279 1284 352 1328 usus
366 1262 504 1349 publicos
521 1262 621 1351 magis
636 1261 801 1350 obligetur,
819 1285 913 1350 quom
929 1261 1086 1330 creditori.

113 1427 135 1464 ἡ
201 1408 206 1419 ·
294 1363 368 1429 Vll.
420 1362 635 1449 Aptitudinem
651 1384 726 1428 vero
752 1354 876 1452 hegla»,
902 1363 936 1430 id
956 1371 1004 1430 cst
1024 1362 1208 1451 dignitatem
1229 1372 1320 1431 vocet

136 1454 142 1465 ’
221 1461 414 1528 Aristoteles.
450 1461 586 1527 Michael
602 1461 766 1547 Ephesius,
783 1462 816 1527 id
832 1463 915 1548 quod
930 1462 1097 1528 secundum
1114 1484 1184 1528 eam
1201 1464 1320 1550 aeqnelo

221 1560 342 1636 dicilur,
360 1560 586 1648 iuterpretatur
603 1556 645 1628 τό
663 1557 893 1656 προσαρμόζον
909 1571 942 1628 ot
959 1557 1002 1629 τὸ
1018 1556 1156 1652 πρέπον,
1182 1566 1219 1627 id
1233 1566 1320 1648 quod

220 1661 375 1726 convenit.

290 1758 387 1825 VIII.
436 1760 455 1824 1
491 1757 684 1826 Facultatem
701 1758 828 1848 respicit
840 1759 962 1847 justitio
978 1759 1144 1847 expletrix,
1158 1782 1229 1847 qum
1246 1782 1319 1847 pro-

219 1857 288 1945 prie
308 1866 364 1924 eut
384 1857 492 1926 stricte
504 1858 635 1947 justitior
652 1881 765 1926 nomen
781 1861 911 1937 obtinet,
936 1856 1180 1941 συναλλακτική
1198 1861 1319 1926 Aristo·

265 2068 370 2115 ‘Voces
387 2067 507 2114 Creditum
518 2071 543 2114 et
558 2067 678 2124 Debitum,
695 2083 744 2117 non
792 2069 903 2132 ἑχόντων
922 2072 1002 2119 ἐστίν.
1035 2070 1103 2119 Certe
1122 2073 1251 2132 arpentum,
1271 2085 1318 2116 an-

218 2145 312 2189 tnntnm
326 2147 443 2203 spectant,
456 2157 487 2190 ox
501 2147 581 2190 monte
595 2144 706 2201 auctoris,
719 2145 745 2191 id
792 2161 852 2204 rum,
863 2152 885 2194 et
894 2162 944 2208 que
952 2147 1061 2207 pretiosa
1072 2147 1126 2192 alia
1135 2146 1202 2205 apud
1209 2146 1315 2191 abditos

218 2220 283 2279 quod
290 2235 319 2265 cx
325 2220 433 2279 quolibet
438 2233 528 2276 conus,
534 2220 605 2266 etiem
614 2234 643 2266 ex
650 2221 745 2277 delicto,
792 2223 963 2278 mediantur,
976 2236 1056 2268 eorum
1068 2222 1111 2282 qm'
1124 2225 1224 2281 reprcunt
1237 2220 1315 2280 maqis

218 2295 328 2351 debetur,
337 2296 367 2343 L.
380 2309 409 2342 ιι.
417 2299 452 2343 12.
462 2295 495 2342 D.
505 2295 546 2343 De
554 2296 617 2342 υπὸ.
632 2301 655 2343 et
667 2310 745 2342 rerum
792 2301 846 2342 sunt
855 2310 926 2356 quarn
931 2295 1108 2355 possidentium.
1125 2294 1223 2351 Plinius,
1235 2295 1317 2340 Pane-

217 2372 300 2431 riqnif.
316 2371 372 2431 (vid.
383 2371 439 2418 tnfr.
449 2371 502 2418 Lib.
513 2385 543 2421 11.
553 2385 604 2432 cop.
615 2374 639 2429 4,
656 2371 670 2432 5
681 2373 703 2429 2,
720 2375 746 2419 et
792 2370 874 2432 yyrico
886 2370 950 2432 [cip.
962 2372 1017 2432 271:
1034 2369 1104 2428 cnjus
1113 2375 1147 2415 ert
1155 2370 1273 2430 quidquid
1286 2375 1320 2418 ert

216 2447 342 2508 cnp.17,§
354 2448 386 2506 1).
405 2447 452 2493 Sed
464 2446 745 2506 eriamjmpunondtmt
793 2444 901 2500 onmium,
917 2447 1008 2489 tanturn
1027 2443 1085 2501 lpse,
1105 2446 1217 2501 paruum
1235 2456 1319 2500 orma,

216 2523 381 2583 olrle'qatr'onem
394 2522 429 2568 ad
438 2536 541 2581 mnam,
557 2522 610 2567 heic
625 2521 745 2580 complee-
792 2517 869 2564 hald.
907 2515 941 2562 Et
958 2530 1026 2562 mox:
1052 2515 1150 2574 Ecquid
1171 2514 1254 2561 Caerar
1272 2528 1320 2561 non

216 2602 310 2643 tnntnr.
340 2598 394 2644 viu
406 2597 541 2657 Prolegom.
553 2596 568 2657 5
583 2599 606 2642 8.
622 2596 647 2642 in
654 2598 703 2654 fin.
719 2600 746 2642 et
792 2606 859 2637 esum
869 2589 970 2637 videat?
984 2590 1047 2648 [cop.
1057 2590 1095 2635 60.
1105 2588 1147 2648 qui
1157 2588 1224 2634 locus
1234 2593 1315 2636 tumen

216 2671 524 2730 Lib.1m.cnp.l3.§1‚2.
554 2671 624 2717 J.B.
792 2665 1120 2721 mcleedlertnrotoptntnr.
1149 2662 1230 2723 J.B.]
1246 2665 1318 2712 Adde

261 2753 273 2788 Ι
287 2746 318 2790 In
334 2759 372 2791 res
388 2746 534 2804 sinqulorum
552 2745 630 2802 majus
650 2749 684 2789 at
701 2743 743 2789 do.
792 2738 997 2793 sarisberiensem,
1010 2736 1035 2782 ὑὶ
1043 2736 1200 2792 Poliercu'co,
1216 2738 1270 2786 Lib.
1280 2753 1318 2786 vl.

215 2819 312 2866 minium
333 2818 406 2880 repis]
447 2818 525 2876 Philo,
550 2820 612 2879 crept
631 2823 743 2878 φντουρ-
791 2827 812 2860 o.
821 2813 836 2859 i.
849 2813 885 2873 [p.
894 2811 958 2872 335]

217 2895 282 2955 plns.
314 2894 351 2956 [p.
362 2892 427 2955 222]
452 2894 494 2941 καὶ
516 2894 562 2954 μὲν
583 2892 692 2954 ἄργυρός
712 2910 743 2939 τε
837 2886 955 2948 11Ἀξιάν]
973 2888 1067 2949 cicero,
1075 2889 1105 2937 cle
1114 2889 1213 2954 Officiis,
1225 2907 1242 2937 1.
1252 2890 1316 2953 [cup.

215 2971 258 3017 καὶ
282 2971 375 3031 χρυσὸς
401 2970 442 3016 rol
462 2969 510 3016 ὅσα
533 2968 603 3014 ἄλλα
627 2967 742 3027 κειμήλια
791 2961 848 3024 17]:
865 2962 1318 3026 Smrtcmenuoquaedamercompa.

216 3045 286 3105 ornpci
293 3050 347 3092 τοῖς
355 3044 500 3105 ἅρχομὸνοιπ
508 3042 742 3102 θησαυροφυλακεῖ-
791 3040 857 3086 ratio
859 3040 918 3098 flat,
933 3039 1019 3098 quibus
1027 3040 1158 3100 plurimum
1171 3041 1318 3086 tribumdum

215 3139 269 3180 ται,
293 3123 345 3168 τῶν
365 3120 507 3181 ἡγουμένων
530 3118 632 3179 μᾶλλον
652 3116 668 3173 ἢ
690 3117 743 3162 τῶν
792 3113 1005 3176 offioihpn'ncipee
1017 3115 1072 3172 sint,
1083 3115 1178 3176 patria,
1192 3119 1214 3161 el
1226 3129 1317 3175 paren-

270 3390 321 3443 vl.
360 3390 417 3444 But
431 3388 486 3444 this
500 3389 588 3461 Right
603 3390 626 3444 is
641 3389 724 3461 ogcin
738 3388 868 3445 twofold:
883 3387 1000 3481 anpnr,
1013 3385 1104 3442 which
1115 3385 1199 3442 existe
1211 3384 1257 3441 for
1268 3383 1318 3440 the

216 3491 339 3546 purpose
351 3476 384 3529 of
395 3476 577 3545 prirnteuser
591 3477 646 3530 nnd
655 3476 797 3540 Eminent,
803 3473 894 3529 which
903 3475 926 3529 is
936 3474 1064 3544 superior
1074 3479 1104 3527 to
1113 3472 1318 3542 vulgnrRight,

216 3561 272 3613 ond
287 3562 310 3613 is
329 3559 378 3614 the
394 3561 482 3630 Right
498 3560 590 3614 which
608 3561 657 3614 the
675 3562 849 3632 community
863 3560 914 3616 hoo
933 3575 1000 3614 over
1014 3574 1130 3631 persons
1151 3556 1209 3611 ond
1222 3556 1316 3626 thIngs

216 3646 262 3700 for
276 3645 325 3699 the
337 3646 403 3699 onkc
418 3645 452 3698 of
464 3646 512 3698 tho
526 3661 656 3700 common
670 3645 754 3716 good.

272 3730 350 3785 Thus
362 3729 411 3785 the
426 3729 517 3801 Roynl
528 3730 672 3802 authority
683 3730 734 3784 has
746 3729 837 3784 under
847 3730 870 3784 tt
881 3729 932 3784 the
942 3727 1070 3802 paternol
1086 3725 1142 3781 ond
1154 3723 1314 3780 dominical.

218 3816 256 3870 So
276 3816 326 3870 tho
346 3831 440 3887 power
456 3815 489 3870 of
506 3815 662 3886 ownership
681 3815 714 3870 of
732 3814 780 3869 tho
802 3815 955 3885 Soreretgn
971 3829 1039 3870 over
1055 3813 1165 3886 private
1181 3817 1317 3882 property

216 3902 263 3956 for
277 3900 326 3956 the
341 3917 471 3956 common
485 3900 559 3971 good
573 3901 596 3955 is
615 3906 727 3971 greater
740 3899 810 3955 then
824 3899 887 3954 that
902 3899 935 3953 of
950 3898 1000 3954 the
1017 3900 1127 3970 private
1143 3912 1264 3951 owncre:
1284 3911 1316 3949 so

219 4004 303 4058 orery
318 4003 372 4042 one
387 3987 411 4041 is
425 4003 503 4041 more
517 3985 614 4042 bonnd
629 3991 659 4041 to
672 3985 721 4041 the
735 3992 809 4041 stote
820 3986 851 4039 in
864 3985 966 4057 regord
978 3990 1008 4040 to
1020 3983 1115 4057 public
1127 3999 1190 4037 uses
1204 3981 1316 4036 theuto

217 4073 262 4129 his
274 4074 381 4144 private
393 4073 523 4127 creditor.

270 4159 335 4212 Vll.
371 4158 398 4212 A
409 4159 519 4213 Fitnoss
534 4158 557 4212 is
572 4157 648 4213 what
659 4157 794 4213 Aristotle
806 4155 873 4212 cells
887 4154 970 4223 ἀξίαν,
984 4172 1002 4210 a
1016 4155 1105 4211 nrornl
1119 4154 1212 4210 claim.

269 4245 351 4299 VIII.
387 4250 402 4298 1
427 4244 454 4298 A
467 4244 548 4299 Jnrel
567 4244 665 4310 claim,
683 4260 716 4298 or
729 4243 819 4315 Right
835 4259 947 4315 proper,
969 4242 1086 4314 belongs
1113 4247 1143 4296 to
1164 4238 1318 4311 Expletory

218 4331 333 4397 Justicc,
349 4347 381 4387 or
395 4330 503 4386 Justioe
516 4346 628 4403 proper.
675 4330 744 4386 This
767 4331 791 4386 Is
813 4329 887 4384 what
900 4329 1036 4385 Aristotle
1055 4327 1122 4384 collo
1143 4325 1319 4384 coneum
