2866 4906
248 188 312 257 372
492 198 544 253 uu
569 196 842 262 ucouussulouu
864 197 1112 262 numvsuuvu,
1223 197 1300 267 [urs.
1314 199 1354 255 11.

248 372 320 439 talis
346 371 495 439 successio
523 372 557 437 in
586 371 623 437 iis
647 372 722 438 locis
746 381 872 460 recepta
901 372 961 439 sit:
993 372 1072 440 siout
1101 373 1353 462 Paphlagoniam

248 495 359 561 regum
374 470 610 539 domesticorum
625 471 752 538 interitu
767 471 998 538 haereditariam
1015 471 1099 560 patri
1111 494 1168 538 suo
1187 473 1354 541 obvenisse

83 592 129 634 ua
139 592 227 633 meus
248 571 303 650 ait,
318 572 403 658 apud
417 572 440 636 J
442 570 585 647 ustinum,
604 570 812 638 Mithridates

82 641 102 679 δ’
321 672 415 736 XIII.
459 670 551 749 Quod
573 668 600 735 si
619 670 734 736 dictum
756 670 798 736 sit
817 693 858 738 ne
878 670 1036 738 dividatur
1056 693 1199 762 regnum,
1222 693 1284 738 nec
1303 672 1353 738 cui

249 770 360 837 cedere
384 769 499 836 debeat
519 791 700 857 expressum
718 769 768 851 sit,
794 772 848 836 cut
864 769 993 858 quisque
1015 779 1093 837 natu
1112 780 1161 837 cst
1185 770 1352 849 maximus,

248 891 315 935 mas
336 876 392 936 aut
411 868 536 946 femina,
561 890 694 957 reguum
718 869 856 936 habebit.
909 870 947 934 In
969 869 1172 936 Thalmudico
1197 870 1291 937 titulo
1312 870 1354 937 de

248 968 374 1057 regibus
390 969 526 1057 legitur:
556 972 623 1050 Qui
632 971 839 1055 proecipaem
854 969 915 1053 jus
931 971 1027 1036 habet
1048 972 1085 1034 ἰν
1101 971 1303 1046 hereditate,
1322 973 1354 1038 ἰν

248 1083 279 1136 et
299 1072 336 1134 o'o
351 1071 553 1155 possessione
574 1070 678 1152 requi.
730 1071 809 1135 Ideo
826 1070 924 1152 filius
941 1081 1024 1134 nato
1046 1070 1153 1154 major
1167 1071 1353 1156 proesertur

248 1170 378 1235 minm'·
431 1161 650 1261 Νομιζὸμενον
669 1164 751 1260 otpolt
768 1163 901 1235 πάντων
921 1162 1098 1261 ἀνθρώπων
1120 1165 1181 1237 τᾶν
1197 1166 1352 1262 προσβό-

82 1291 200 1334 navus
248 1297 356 1337 τατον
372 1263 437 1349 τήν
451 1262 560 1361 ἀρχὴν
576 1260 676 1360 ἔχειν,
694 1266 796 1352 inquit
815 1267 1016 1334 Herodotus:
1041 1269 1117 1334 Mos
1133 1271 1280 1334 omnium
1290 1291 1352 1356 po-

247 1370 398 1453 polorum
414 1379 470 1444 est,
486 1379 526 1432 sot
539 1379 622 1432 ectu
637 1369 805 1433 mammos
819 1369 994 1451 importum
1010 1368 1137 1432 habeat.
1168 1367 1259 1433 Idem
1275 1367 1351 1435 alibi

247 1488 330 1554 steps
357 1464 451 1548 νόμον
473 1466 575 1554 legem
597 1464 663 1530 sive
687 1465 938 1532 cousuetudinem
963 1487 1131 1554 regnorum
1160 1466 1222 1532 hoc
1246 1477 1349 1534 vocat.

82 1583 220 1627 uraxnor.
247 1565 355 1632 Livius
374 1565 507 1631 duorum
527 1564 661 1630 fratrum
686 1565 889 1653 Allobrogum
910 1566 951 1630 de
975 1586 1073 1653 regno
1095 1565 1351 1633 contendentium

247 1664 397 1730 minorem
424 1664 469 1730 ait
493 1664 566 1750 jure
593 1664 703 1740 minus,
734 1663 765 1729 vi
791 1664 860 1752 plus
886 1663 1031 1751 potuisse.
1081 1664 1177 1751 Apud
1206 1666 1350 1754 Trogum

80 1787 206 1828 ιοιιιιιο.
246 1761 438 1849 Pompeium,
471 1764 702 1829 Artabocaneo
730 1767 894 1829 mammas
922 1776 1008 1829 natu
1039 1766 1148 1830 oetotte
1170 1766 1352 1851 pricileps'o

247 1885 383 1947 reposcos
394 1864 460 1928 eibi
471 1863 684 1928 vindicabat:
701 1865 786 1946 quod
792 1865 850 1947 jus
862 1875 893 1929 et
909 1865 988 1929 ordo
997 1865 1161 1939 moedi,
1175 1875 1206 1929 et
1222 1877 1351 1930 ηοειονα

247 1965 323 2049 o'pso
330 1964 479 2048 pentibus
491 1962 590 2028 dedit.
619 1960 708 2027 Idem
722 1961 795 2028 alibi
802 1961 1120 2050 jusgcutiumvocat:
1138 1970 1218 2029 utet
1228 1963 1348 2040 Livius,

81 2074 207 2117 flattu·
245 2060 301 2149 qui
313 2070 346 2128 et
357 2061 498 2128 ordinem
514 2059 652 2147 appellat
669 2061 772 2128 aetatis
788 2072 883 2148 atque
895 2069 1027 2141 nuturss,
1041 2061 1123 2148 quod
1135 2061 1278 2151 intellige
1290 2062 1351 2129 nisi

290 2253 301 2280 ⁶
319 2247 353 2295 Ut
362 2246 459 2306 quisque
468 2248 527 2292 notu
537 2250 571 2292 est
583 2244 711 2305 ααοίνινο]
733 2245 772 2292 De
820 2245 891 2292 nnels
900 2246 931 2292 de
942 2245 1033 2293 lsnacio
1043 2246 1157 2306 loquens:
1168 2246 1351 2308 α’πὸγενέσοιι

246 2321 332 2369 Suedls
343 2322 398 2368 ride
413 2321 544 2381 Brigicum
555 2334 592 2369 tv.
602 2323 624 2368 3.
646 2321 685 2367 Dc
695 2320 772 2367 Dqus
819 2318 911 2375 clamis
921 2320 1039 2380 διαδοχήν
1053 2322 1099 2374 riis
1108 2321 1243 2379 βασιλείας
1257 2321 1352 2369 rohol-

245 2397 364 2443 Saxonenu
381 2409 431 2443 ιιι.
449 2401 474 2442 et
490 2409 553 2443 1111.
578 2395 706 2456 Appianae
723 2395 771 2441 Mi-
818 2406 902 2453 μινοι·
918 2393 1040 2441 Ναιοοιᾱι·
1050 2395 1352 2457 ordineodreysa'ssecss-

244 2472 389 2519 thridatioo:
408 2472 551 2518 δικαιοῦντα
567 2471 615 2517 τὸν
628 2469 771 2529 πρεσβύτα·
819 2469 906 2514 riom
923 2473 1027 2515 uocatus.
1051 2469 1115 2529 (Isso.
1132 2486 1149 2518 1.
1167 2485 1188 2518 c.
1211 2472 1244 2532 1).
1275 2472 1352 2533 Apud

244 2565 288 2607 ρον
302 2547 408 2606 ἀρχαῖοι
424 2546 490 2606 (pag.
509 2545 571 2605 178.)
586 2544 693 2604 Equum
700 2543 771 2601 judi·
820 2543 956 2603 Josephum
972 2545 1103 2605 Antipater
1122 2546 1226 2604 dIcehat,
1244 2546 1351 2608 Hyrcani

243 2624 419 2683 cotacreqnem
428 2637 477 2668 me
491 2627 548 2668 nata
566 2622 672 2668 maximi.
699 2621 772 2668 Nice.
819 2616 900 2677 α’ρχιίν
911 2618 1025 2665 sirosdad
1036 2619 1068 2665 τὸ
1085 2621 1235 2678 πρεσβεῖον·
1249 2621 1351 2669 Priuer·-

243 2703 282 2745 tus
293 2697 423 2744 choniates
432 2695 530 2742 Joanne
541 2696 681 2743 Comusno:
696 2695 711 2751 sl
722 2697 772 2754 φύ-
815 2698 901 2752 patum
910 2708 958 2739 esse
972 2694 1001 2739 ob
1015 2695 1125 2741 nascendi
1140 2695 1256 2744 ordinem.
1271 2697 1351 2756 (Bell.

245 2792 284 2821 osc
299 2779 355 2821 τοῖς
371 2772 545 2833 separor-darom
557 2771 632 2819 παισὶ
648 2774 682 2829 τῇ
699 2771 771 2829 τάξει
819 2766 880 2813 Μ·
892 2767 945 2814 laib-
957 2781 974 2813 1.
986 2783 1039 2828 cup.
1049 2771 1079 2815 vl.
1093 2768 1137 2829 52.
1147 2769 1216 2816 Edu.
1227 2769 1350 2831 Hudsou.)

246 2847 382 2909 ἐμμένουσα
388 2847 424 2893 ‘ra'
431 2851 546 2905 πρωτεῖα
552 2847 684 2906 βραβεύειν
693 2846 772 2893 sloede.
819 2843 873 2888 vide
884 2847 909 2888 et
919 2842 1089 2889 Lenncluvium
1103 2844 1259 2892 strcioom
1269 2860 1327 2894 ΧΠ.

244 2921 315 2979 παρά
329 2922 355 2966 dl
371 2922 424 2977 θεῷ
443 2923 490 2978 οὐχ
506 2920 584 2964 οὕτως
599 2918 625 2963 ὃν
644 2922 703 2962 ταῖς
719 2919 773 2963 τῶν
865 2916 872 2944 ¹
891 2917 988 2974 confer,
1004 2918 1035 2964 de
1049 2923 1103 2964 coes
1116 2919 1164 2965 ists
1177 2921 1281 2967 materis
1295 2935 1350 2968 suo-

244 2992 412 3054 προβλνίοοοιν
426 2993 562 3052 μεγίστοιν
577 2991 617 3037 αἐἱ
629 3007 683 3037 πων
698 2991 773 3050 φιλοῖ
820 2992 932 3038 castonis
947 2992 972 3037 in
982 3005 1066 3053 regns,
1076 2993 1300 3055 Potamonem,
1310 2995 1352 3042 De

245 3066 377 3128 γινέσθαι·
393 3066 493 3112 Nature
503 3065 596 3125 quidem
603 3078 772 3124 munsepuem
819 3066 882 3113 Jure
890 3066 982 3113 Νινίων
994 3066 1063 3115 Gens.
1074 3067 1129 3115 Lib.
1139 3081 1248 3130 v11.csp.
1257 3070 1303 3131 λδ
1313 3074 1350 3119 11.

245 3144 457 3204 orditeemprs'mum
465 3143 649 3188 maumas.
665 3141 772 3187 AtDeus
820 3146 913 3201 etseqq,
944 3141 971 3188 J.
981 3140 1015 3187 B.

245 3235 291 3266 uon
304 3233 394 3280 semper
408 3219 434 3264 ἰν
448 3218 560 3263 monle
570 3216 708 3276 prioileqlis
721 3229 773 3261 eum
864 3215 1000 3262 dNialiod
1008 3213 1236 3279 ksaatmoeserat]
1252 3221 1351 3268 Derda·

246 3294 351 3341 ordinem
362 3293 456 3340 imirtit.
472 3291 548 3351 (Cap.
558 3291 608 3349 12).
639 3289 707 3335 Idem
719 3289 772 3334 Ma·
821 3303 865 3335 uns
875 3294 900 3335 et
910 3290 991 3336 duatus
1001 3291 1091 3350 pariles·
1101 3293 1206 3354 inTroja
1214 3303 1352 3355 regnarunt

245 3506 294 3561 the
313 3507 374 3561 first
394 3507 462 3577 king
480 3505 542 3572 (tho
562 3523 661 3563 source
682 3508 716 3562 of
731 3507 779 3562 the
797 3508 876 3580 royal
892 3503 992 3572 etech),
1012 3508 1038 3562 if
1052 3506 1120 3562 such
1139 3509 1299 3563 succession
1312 3508 1352 3565 be

245 3593 374 3646 received
395 3593 425 3646 in
445 3591 494 3647 the
515 3599 634 3665 country
655 3594 684 3647 in
706 3594 843 3664 question.
894 3594 971 3648 Thus
991 3593 1178 3657 Mithridates,
1196 3594 1226 3647 in
1243 3594 1352 3657 lustin,

245 3694 308 3748 says
323 3677 385 3731 that
399 3677 442 3731 his
458 3677 553 3733 father
570 3679 697 3734 received
718 3678 913 3751 Paphlagonia
932 3680 970 3751 hy
984 3679 1166 3744 inhentanoo,
1180 3679 1230 3734 the
1244 3680 1304 3736 line
1319 3681 1355 3737 ot*

247 3762 383 3816 domestic
396 3762 477 3833 kings
492 3764 576 3835 heiug
591 3764 794 3836 oxtInguished.

298 3846 381 3900 XIII.
417 3847 447 3900 If
456 3849 479 3902 it
493 3849 530 3903 he
543 3849 669 3906 dtrected
681 3852 743 3905 that
754 3851 804 3905 the
818 3850 951 3921 kingdom
966 3850 990 3905 is
1003 3856 1032 3906 to
1044 3867 1107 3921 pass
1123 3850 1285 3916 undirided,
1297 3851 1354 3907 but

246 3938 297 3988 not
312 3938 341 3986 to
353 3931 444 3986 whom
455 3933 478 3987 it
493 3934 516 3987 Is
531 3939 560 3989 to
578 3952 623 4005 go,
637 3936 687 3991 the
701 3937 792 3991 oldest
805 3936 889 4001 child,
904 3937 977 3990 male
992 3953 1025 3991 or
1038 3936 1150 4001 female,
1164 3936 1221 3990 will
1235 3937 1304 3993 take
1318 3939 1352 3993 it.

248 4022 302 4076 See
313 4018 363 4074 the
375 4017 494 4073 Talmud
506 4035 543 4073 ou
553 4020 643 4091 kings,
654 4022 823 4087 Herodotus,
834 4023 912 4094 Livy,
928 4022 1035 4094 Trogus
1047 4023 1207 4092 Pompeius.
1246 4024 1315 4079 This
1328 4025 1354 4080 is

248 4106 338 4162 called
348 4107 396 4178 jus
410 4105 536 4176 pontium,
555 4106 604 4160 tho
622 4106 706 4162 ordor
720 4107 753 4162 of
771 4124 823 4178 ago
840 4109 896 4162 aud
911 4109 944 4163 ot
963 4115 1072 4163 nature.
1111 4109 1169 4162 But
1185 4107 1223 4163 he
1246 4124 1280 4164 or
1299 4109 1354 4165 she

248 4193 310 4247 who
322 4192 453 4247 succeeds
465 4191 494 4245 in
506 4191 574 4245 such
587 4210 604 4245 a
615 4193 749 4264 kingdom
763 4195 786 4249 is
802 4194 898 4249 bound
911 4200 941 4250 to
953 4194 1069 4267 provide
1081 4211 1100 4247 a
1114 4193 1291 4249 satisfaction
1305 4195 1355 4251 for

248 4278 298 4334 the
313 4279 428 4341 acheloo,
438 4277 548 4333 instead
563 4276 595 4333 of
608 4277 683 4334 theIr
696 4280 778 4336 shore
793 4280 826 4336 of
837 4279 886 4337 tho
900 4297 1002 4353 power,
1014 4280 1044 4346 if,
1056 4297 1087 4335 as
1102 4280 1201 4335 sudas
1216 4280 1263 4336 far
1274 4299 1316 4348 m,
1330 4283 1357 4338 it

249 4381 302 4420 cau
317 4364 451 4420 bodone.
