<?xml version="1.0" encoding="UTF-8"?>
<!DOCTYPE html PUBLIC "-//W3C//DTD XHTML 1.0 Transitional//EN"
    "http://www.w3.org/TR/xhtml1/DTD/xhtml1-transitional.dtd">
<html xmlns="http://www.w3.org/1999/xhtml" xml:lang="en" lang="en">
 <head>
  <title>
</title>
<meta http-equiv="Content-Type" content="text/html;charset=utf-8" />
  <meta name='ocr-system' content='tesseract 3.04.00' />
  <meta name='ocr-capabilities' content='ocr_page ocr_carea ocr_par ocr_line ocrx_word'/>
</head>
<body>
  <div class='ocr_page' id='page_1' title='image "./hugonisgrotiide00barbgoog_0091.png"; bbox 0 0 2866 4906; ppageno 0'>
   <div class='ocr_carea' id='block_1_1' title="bbox 128 233 1224 308">
    <p class='ocr_par' dir='ltr' id='par_1_1' title="bbox 128 233 1224 308">
     <span class='ocr_line' id='line_1_1' title="bbox 128 233 1224 308; baseline -0.001 -11"><span class='ocrx_word' id='word_1_1' title='bbox 128 240 198 297; x_wconf 75' lang='grc' dir='ltr'><strong>Οιι.</strong></span> <span class='ocrx_word' id='word_1_2' title='bbox 210 237 251 308; x_wconf 85' lang='grc'>1.]</span> <span class='ocrx_word' id='word_1_3' title='bbox 421 241 517 305; x_wconf 77' lang='lat' dir='ltr'>QUID</span> <span class='ocrx_word' id='word_1_4' title='bbox 541 240 708 306; x_wconf 81' lang='lat' dir='ltr'><strong>BELLUM,</strong></span> <span class='ocrx_word' id='word_1_5' title='bbox 733 239 829 303; x_wconf 78' lang='lat' dir='ltr'><strong>QUID</strong></span> <span class='ocrx_word' id='word_1_6' title='bbox 853 240 932 295; x_wconf 83' lang='lat' dir='ltr'>JUS.</span> <span class='ocrx_word' id='word_1_7' title='bbox 1205 233 1224 296; x_wconf 88' lang='grc'><strong>9</strong></span> 
     </span>
    </p>
   </div>
   <div class='ocr_carea' id='block_1_2' title="bbox 130 406 1231 2179">
    <p class='ocr_par' dir='ltr' id='par_1_2' title="bbox 130 406 1230 1491">
     <span class='ocr_line' id='line_1_2' title="bbox 130 406 1226 499; baseline 0.001 -24"><span class='ocrx_word' id='word_1_8' title='bbox 130 409 212 496; x_wconf 90' lang='lat' dir='ltr'>quod</span> <span class='ocrx_word' id='word_1_9' title='bbox 233 407 296 486; x_wconf 85' lang='lat' dir='ltr'>lex,</span> <span class='ocrx_word' id='word_1_10' title='bbox 318 406 520 494; x_wconf 75' lang='lat' dir='ltr'>quotiescun</span> <span class='ocrx_word' id='word_1_11' title='bbox 540 406 620 496; x_wconf 92' lang='lat' dir='ltr'>legis</span> <span class='ocrx_word' id='word_1_12' title='bbox 641 407 814 497; x_wconf 76' lang='lat' dir='ltr'>largissime</span> <span class='ocrx_word' id='word_1_13' title='bbox 836 407 976 486; x_wconf 76' lang='lat' dir='ltr'>sumitur,</span> <span class='ocrx_word' id='word_1_14' title='bbox 1000 416 1036 475; x_wconf 94' lang='lat' dir='ltr'>ut</span> <span class='ocrx_word' id='word_1_15' title='bbox 1054 407 1096 476; x_wconf 83' lang='lat' dir='ltr'>sit</span> <span class='ocrx_word' id='word_1_16' title='bbox 1114 409 1226 499; x_wconf 82' lang='lat' dir='ltr'>regule</span> 
     </span>
     <span class='ocr_line' id='line_1_3' title="bbox 130 506 1228 598; baseline -0.001 -22"><span class='ocrx_word' id='word_1_17' title='bbox 130 519 253 576; x_wconf 85' lang='lat' dir='ltr'>ectuum</span> <span class='ocrx_word' id='word_1_18' title='bbox 269 506 431 573; x_wconf 65' lang='lat' dir='ltr'>morfflum</span> <span class='ocrx_word' id='word_1_19' title='bbox 447 508 587 597; x_wconf 80' lang='lat' dir='ltr'>obligans</span> <span class='ocrx_word' id='word_1_20' title='bbox 602 506 645 575; x_wconf 85' lang='lat' dir='ltr'>sd</span> <span class='ocrx_word' id='word_1_21' title='bbox 660 506 692 574; x_wconf 93' lang='lat' dir='ltr'>id</span> <span class='ocrx_word' id='word_1_22' title='bbox 709 508 793 594; x_wconf 92' lang='lat' dir='ltr'>quod</span> <span class='ocrx_word' id='word_1_23' title='bbox 809 516 928 573; x_wconf 87' lang='lat' dir='ltr'>rectum</span> <span class='ocrx_word' id='word_1_24' title='bbox 943 515 1000 574; x_wconf 88' lang='lat' dir='ltr'>est.</span> <span class='ocrx_word' id='word_1_25' title='bbox 1052 507 1228 598; x_wconf 76' lang='lat' dir='ltr'>Obligatio·</span> 
     </span>
     <span class='ocr_line' id='line_1_4' title="bbox 131 606 1226 697; baseline 0.001 -23"><span class='ocrx_word' id='word_1_26' title='bbox 131 630 200 674; x_wconf 90' lang='lat' dir='ltr'>nem</span> <span class='ocrx_word' id='word_1_27' title='bbox 215 606 422 694; x_wconf 76' lang='lat' dir='ltr'>requirimus:</span> <span class='ocrx_word' id='word_1_28' title='bbox 447 629 519 673; x_wconf 83' lang='lat' dir='ltr'>num</span> <span class='ocrx_word' id='word_1_29' title='bbox 535 606 669 687; x_wconf 86' lang='lat' dir='ltr'>consiliu,</span> <span class='ocrx_word' id='word_1_30' title='bbox 682 609 733 673; x_wconf 72' lang='grc' dir='ltr'>Βοι</span> <span class='ocrx_word' id='word_1_31' title='bbox 749 607 776 673; x_wconf 92' lang='lat' dir='ltr'>si</span> <span class='ocrx_word' id='word_1_32' title='bbox 792 629 854 695; x_wconf 85' lang='lat' dir='ltr'>qus</span> <span class='ocrx_word' id='word_1_33' title='bbox 866 615 939 673; x_wconf 89' lang='lat' dir='ltr'>suut</span> <span class='ocrx_word' id='word_1_34' title='bbox 954 606 1017 674; x_wconf 84' lang='lat' dir='ltr'>elis</span> <span class='ocrx_word' id='word_1_35' title='bbox 1032 608 1226 697; x_wconf 75' lang='lat' dir='ltr'>prescripto,</span> 
     </span>
     <span class='ocr_line' id='line_1_5' title="bbox 130 705 1228 796; baseline 0 -22"><span class='ocrx_word' id='word_1_36' title='bbox 130 707 260 775; x_wconf 81' lang='lat' dir='ltr'>honeste</span> <span class='ocrx_word' id='word_1_37' title='bbox 276 705 411 796; x_wconf 89' lang='lat' dir='ltr'>quidem,</span> <span class='ocrx_word' id='word_1_38' title='bbox 426 707 482 773; x_wconf 89' lang='lat' dir='ltr'>sed</span> <span class='ocrx_word' id='word_1_39' title='bbox 497 728 560 772; x_wconf 91' lang='lat' dir='ltr'>non</span> <span class='ocrx_word' id='word_1_40' title='bbox 576 705 755 796; x_wconf 79' lang='lat' dir='ltr'>obligantis,</span> <span class='ocrx_word' id='word_1_41' title='bbox 771 706 850 796; x_wconf 84' lang='lat' dir='ltr'>legis</span> <span class='ocrx_word' id='word_1_42' title='bbox 866 706 1011 794; x_wconf 81' lang='lat' dir='ltr'>suijuris</span> <span class='ocrx_word' id='word_1_43' title='bbox 1024 706 1147 774; x_wconf 92' lang='lat' dir='ltr'>nomine</span> <span class='ocrx_word' id='word_1_44' title='bbox 1163 731 1228 774; x_wconf 92' lang='lat' dir='ltr'>non</span> 
     </span>
     <span class='ocr_line' id='line_1_6' title="bbox 132 805 1228 897; baseline 0 -23"><span class='ocrx_word' id='word_1_45' title='bbox 132 807 267 874; x_wconf 79' lang='lat' dir='ltr'>veniunt.</span> <span class='ocrx_word' id='word_1_46' title='bbox 317 805 482 872; x_wconf 79' lang='lat' dir='ltr'>Permissio</span> <span class='ocrx_word' id='word_1_47' title='bbox 503 815 607 872; x_wconf 86' lang='lat' dir='ltr'>sutem</span> <span class='ocrx_word' id='word_1_48' title='bbox 629 805 755 894; x_wconf 91' lang='lat' dir='ltr'>proprie</span> <span class='ocrx_word' id='word_1_49' title='bbox 777 828 840 872; x_wconf 92' lang='lat' dir='ltr'>non</span> <span class='ocrx_word' id='word_1_50' title='bbox 864 805 945 872; x_wconf 85' lang='lat' dir='ltr'>sotio</span> <span class='ocrx_word' id='word_1_51' title='bbox 971 815 1021 873; x_wconf 91' lang='lat' dir='ltr'>est</span> <span class='ocrx_word' id='word_1_52' title='bbox 1043 806 1131 897; x_wconf 86' lang='lat' dir='ltr'>legis,</span> <span class='ocrx_word' id='word_1_53' title='bbox 1154 807 1228 874; x_wconf 82' lang='lat' dir='ltr'>⁹sed</span> 
     </span>
     <span class='ocr_line' id='line_1_7' title="bbox 131 904 1227 994; baseline 0.001 -21"><span class='ocrx_word' id='word_1_54' title='bbox 131 905 258 973; x_wconf 85' lang='lat' dir='ltr'>sotionis</span> <span class='ocrx_word' id='word_1_55' title='bbox 285 905 422 994; x_wconf 77' lang='lat' dir='ltr'>negatio,</span> <span class='ocrx_word' id='word_1_56' title='bbox 451 904 510 971; x_wconf 90' lang='lat' dir='ltr'>nisi</span> <span class='ocrx_word' id='word_1_57' title='bbox 533 915 686 992; x_wconf 75' lang='lat' dir='ltr'>quatenus</span> <span class='ocrx_word' id='word_1_58' title='bbox 713 906 807 973; x_wconf 85' lang='lat' dir='ltr'>elium</span> <span class='ocrx_word' id='word_1_59' title='bbox 833 907 873 972; x_wconf 85' lang='lat' dir='ltr'>sb</span> <span class='ocrx_word' id='word_1_60' title='bbox 898 928 935 971; x_wconf 89' lang='lat' dir='ltr'>eo</span> <span class='ocrx_word' id='word_1_61' title='bbox 963 905 1012 972; x_wconf 91' lang='lat' dir='ltr'>cui</span> <span class='ocrx_word' id='word_1_62' title='bbox 1036 906 1227 994; x_wconf 77' lang='lat' dir='ltr'>permittitur</span> 
     </span>
     <span class='ocr_line' id='line_1_8' title="bbox 132 1004 1228 1094; baseline 0 -21"><span class='ocrx_word' id='word_1_63' title='bbox 132 1006 247 1094; x_wconf 88' lang='lat' dir='ltr'>obliget</span> <span class='ocrx_word' id='word_1_64' title='bbox 263 1026 303 1071; x_wconf 94' lang='lat' dir='ltr'>ne</span> <span class='ocrx_word' id='word_1_65' title='bbox 325 1004 579 1093; x_wconf 79' lang='lat' dir='ltr'>impedimentum</span> <span class='ocrx_word' id='word_1_66' title='bbox 601 1013 706 1092; x_wconf 81' lang='lat' dir='ltr'>ponet</span> <span class='ocrx_word' id='word_1_67' title='bbox 753 1004 897 1072; x_wconf 75' lang='lat' dir='ltr'>Diximus</span> <span class='ocrx_word' id='word_1_68' title='bbox 916 1015 1030 1084; x_wconf 86' lang='lat' dir='ltr'>entem,</span> <span class='ocrx_word' id='word_1_69' title='bbox 1050 1006 1091 1072; x_wconf 87' lang='lat' dir='ltr'>ed</span> <span class='ocrx_word' id='word_1_70' title='bbox 1108 1014 1228 1073; x_wconf 90' lang='lat' dir='ltr'>rectum</span> 
     </span>
     <span class='ocr_line' id='line_1_9' title="bbox 134 1103 1227 1196; baseline 0.001 -25"><span class='ocrx_word' id='word_1_71' title='bbox 134 1106 280 1196; x_wconf 74' lang='lat' dir='ltr'>obligans,</span> <span class='ocrx_word' id='word_1_72' title='bbox 303 1127 367 1170; x_wconf 92' lang='lat' dir='ltr'>non</span> <span class='ocrx_word' id='word_1_73' title='bbox 389 1103 568 1192; x_wconf 87' lang='lat' dir='ltr'>simpliciter</span> <span class='ocrx_word' id='word_1_74' title='bbox 593 1103 781 1192; x_wconf 77' lang='lat' dir='ltr'>adjustum,</span> <span class='ocrx_word' id='word_1_75' title='bbox 808 1105 882 1192; x_wconf 81' lang='lat' dir='ltr'>quis</span> <span class='ocrx_word' id='word_1_76' title='bbox 906 1103 984 1192; x_wconf 85' lang='lat' dir='ltr'>¹¹¹jns</span> <span class='ocrx_word' id='word_1_77' title='bbox 1008 1107 1068 1171; x_wconf 83' lang='lat' dir='ltr'>hec</span> <span class='ocrx_word' id='word_1_78' title='bbox 1092 1105 1227 1184; x_wconf 90' lang='lat' dir='ltr'>notione,</span> 
     </span>
     <span class='ocr_line' id='line_1_10' title="bbox 133 1202 1230 1292; baseline 0.001 -22"><span class='ocrx_word' id='word_1_79' title='bbox 133 1227 193 1270; x_wconf 94' lang='lat' dir='ltr'>non</span> <span class='ocrx_word' id='word_1_80' title='bbox 206 1204 248 1271; x_wconf 83' lang='lat' dir='ltr'>sd</span> <span class='ocrx_word' id='word_1_81' title='bbox 261 1204 356 1270; x_wconf 88' lang='lat' dir='ltr'>solius</span> <span class='ocrx_word' id='word_1_82' title='bbox 370 1202 511 1291; x_wconf 74' lang='lat' dir='ltr'>justitior,</span> <span class='ocrx_word' id='word_1_83' title='bbox 529 1203 651 1291; x_wconf 76' lang='lat' dir='ltr'>qualem</span> <span class='ocrx_word' id='word_1_84' title='bbox 668 1203 874 1292; x_wconf 83' lang='lat' dir='ltr'>exposuimus,</span> <span class='ocrx_word' id='word_1_85' title='bbox 898 1203 954 1271; x_wconf 90' lang='lat' dir='ltr'>sed</span> <span class='ocrx_word' id='word_1_86' title='bbox 970 1212 1003 1270; x_wconf 90' lang='lat' dir='ltr'>et</span> <span class='ocrx_word' id='word_1_87' title='bbox 1021 1204 1153 1271; x_wconf 69' lang='lat' dir='ltr'>alierum</span> <span class='ocrx_word' id='word_1_88' title='bbox 1167 1204 1230 1271; x_wconf 79' lang='lat' dir='ltr'>vir-</span> 
     </span>
     <span class='ocr_line' id='line_1_11' title="bbox 133 1302 1230 1391; baseline -0.001 -20"><span class='ocrx_word' id='word_1_89' title='bbox 133 1311 233 1371; x_wconf 87' lang='lat' dir='ltr'>tutum</span> <span class='ocrx_word' id='word_1_90' title='bbox 249 1302 412 1371; x_wconf 75' lang='lat' dir='ltr'>materiem</span> <span class='ocrx_word' id='word_1_91' title='bbox 428 1304 574 1391; x_wconf 89' lang='lat' dir='ltr'>pertinet.</span> <span class='ocrx_word' id='word_1_92' title='bbox 618 1303 767 1370; x_wconf 67' lang='lat' dir='ltr'>Attamen</span> <span class='ocrx_word' id='word_1_93' title='bbox 783 1304 824 1369; x_wconf 85' lang='lat' dir='ltr'>cb</span> <span class='ocrx_word' id='word_1_94' title='bbox 838 1304 897 1369; x_wconf 90' lang='lat' dir='ltr'>hoc</span> <span class='ocrx_word' id='word_1_95' title='bbox 909 1302 992 1390; x_wconf 88' lang='lat' dir='ltr'>jure,</span> <span class='ocrx_word' id='word_1_96' title='bbox 1010 1303 1094 1390; x_wconf 93' lang='lat' dir='ltr'>quod</span> <span class='ocrx_word' id='word_1_97' title='bbox 1109 1311 1230 1370; x_wconf 88' lang='lat' dir='ltr'>rectum</span> 
     </span>
     <span class='ocr_line' id='line_1_12' title="bbox 134 1402 577 1491; baseline 0.005 -21"><span class='ocrx_word' id='word_1_98' title='bbox 134 1410 192 1482; x_wconf 88' lang='lat' dir='ltr'>est,</span> <span class='ocrx_word' id='word_1_99' title='bbox 208 1403 307 1470; x_wconf 80' lang='lat' dir='ltr'>lunius</span> <span class='ocrx_word' id='word_1_100' title='bbox 318 1402 438 1491; x_wconf 90' lang='lat' dir='ltr'>justum</span> <span class='ocrx_word' id='word_1_101' title='bbox 454 1402 577 1472; x_wconf 89' lang='lat' dir='ltr'>dicitur.</span> 
     </span>
    </p>

    <p class='ocr_par' dir='ltr' id='par_1_3' title="bbox 133 1501 1231 2179">
     <span class='ocr_line' id='line_1_13' title="bbox 202 1501 1229 1592; baseline 0 -22"><span class='ocrx_word' id='word_1_102' title='bbox 202 1505 225 1570; x_wconf 84' lang='lat'>2</span> <span class='ocrx_word' id='word_1_103' title='bbox 256 1502 342 1570; x_wconf 86' lang='lat' dir='ltr'>Juris</span> <span class='ocrx_word' id='word_1_104' title='bbox 362 1503 408 1570; x_wconf 84' lang='lat' dir='ltr'>its</span> <span class='ocrx_word' id='word_1_105' title='bbox 428 1503 546 1591; x_wconf 81' lang='lat' dir='ltr'>sucepti</span> <span class='ocrx_word' id='word_1_106' title='bbox 563 1502 681 1589; x_wconf 84' lang='lat' dir='ltr'>optime</span> <span class='ocrx_word' id='word_1_107' title='bbox 696 1501 823 1590; x_wconf 82' lang='lat' dir='ltr'>pertitio</span> <span class='ocrx_word' id='word_1_108' title='bbox 839 1511 896 1581; x_wconf 86' lang='lat' dir='ltr'>est,</span> <span class='ocrx_word' id='word_1_109' title='bbox 918 1525 989 1590; x_wconf 85' lang='lat' dir='ltr'>quae</span> <span class='ocrx_word' id='word_1_110' title='bbox 1005 1503 1089 1592; x_wconf 84' lang='lat' dir='ltr'>spud</span> <span class='ocrx_word' id='word_1_111' title='bbox 1110 1502 1229 1570; x_wconf 81' lang='lat' dir='ltr'>Aristo-</span> 
     </span>
     <span class='ocr_line' id='line_1_14' title="bbox 134 1601 1229 1690; baseline -0.001 -21"><span class='ocrx_word' id='word_1_112' title='bbox 134 1601 225 1669; x_wconf 90' lang='lat' dir='ltr'>telem</span> <span class='ocrx_word' id='word_1_113' title='bbox 248 1610 360 1680; x_wconf 81' lang='lat' dir='ltr'>exstet,</span> <span class='ocrx_word' id='word_1_114' title='bbox 386 1604 438 1669; x_wconf 88' lang='lat' dir='ltr'>¹ut</span> <span class='ocrx_word' id='word_1_115' title='bbox 462 1603 504 1669; x_wconf 91' lang='lat' dir='ltr'>sit</span> <span class='ocrx_word' id='word_1_116' title='bbox 536 1601 620 1668; x_wconf 78' lang='lat' dir='ltr'>eliud</span> <span class='ocrx_word' id='word_1_117' title='bbox 640 1601 694 1690; x_wconf 89' lang='lat' dir='ltr'>jus</span> <span class='ocrx_word' id='word_1_118' title='bbox 718 1603 868 1681; x_wconf 78' lang='lat' dir='ltr'>naturale,</span> <span class='ocrx_word' id='word_1_119' title='bbox 898 1603 984 1669; x_wconf 80' lang='lat' dir='ltr'>aliud</span> <span class='ocrx_word' id='word_1_120' title='bbox 1011 1603 1229 1681; x_wconf 77' lang='lat' dir='ltr'>voluntarium,</span> 
     </span>
     <span class='ocr_line' id='line_1_15' title="bbox 134 1701 1229 1791; baseline 0.003 -24"><span class='ocrx_word' id='word_1_121' title='bbox 134 1703 216 1788; x_wconf 93' lang='lat' dir='ltr'>quod</span> <span class='ocrx_word' id='word_1_122' title='bbox 237 1701 290 1769; x_wconf 90' lang='lat' dir='ltr'>ille</span> <span class='ocrx_word' id='word_1_123' title='bbox 310 1702 483 1791; x_wconf 90' lang='lat' dir='ltr'>legitimum</span> <span class='ocrx_word' id='word_1_124' title='bbox 499 1711 599 1779; x_wconf 78' lang='lat' dir='ltr'>voest,</span> <span class='ocrx_word' id='word_1_125' title='bbox 621 1701 700 1790; x_wconf 85' lang='lat' dir='ltr'>legis</span> <span class='ocrx_word' id='word_1_126' title='bbox 718 1702 867 1769; x_wconf 82' lang='lat' dir='ltr'>vocabulo</span> <span class='ocrx_word' id='word_1_127' title='bbox 888 1702 1025 1769; x_wconf 79' lang='lat' dir='ltr'>strictius</span> <span class='ocrx_word' id='word_1_128' title='bbox 1041 1704 1158 1791; x_wconf 89' lang='lat' dir='ltr'>posito:</span> <span class='ocrx_word' id='word_1_129' title='bbox 1182 1704 1229 1769; x_wconf 92' lang='lat' dir='ltr'>in·</span> 
     </span>
     <span class='ocr_line' id='line_1_16' title="bbox 134 1797 1231 1891; baseline 0.003 -24"><span class='ocrx_word' id='word_1_130' title='bbox 134 1802 255 1869; x_wconf 89' lang='lat' dir='ltr'>terdum</span> <span class='ocrx_word' id='word_1_131' title='bbox 280 1809 315 1869; x_wconf 87' lang='lat' dir='ltr'>et</span> <span class='ocrx_word' id='word_1_132' title='bbox 336 1799 379 1870; x_wconf 83' lang='grc' dir='ltr'>τό</span> <span class='ocrx_word' id='word_1_133' title='bbox 401 1798 437 1871; x_wconf 76' lang='grc' dir='ltr'>ἐν</span> <span class='ocrx_word' id='word_1_134' title='bbox 456 1797 561 1891; x_wconf 80' lang='grc' dir='ltr'><em>τάξει,</em></span> <span class='ocrx_word' id='word_1_135' title='bbox 587 1800 794 1868; x_wconf 89' lang='lat' dir='ltr'>coustitutum.</span> <span class='ocrx_word' id='word_1_136' title='bbox 848 1801 939 1868; x_wconf 88' lang='lat' dir='ltr'>Idem</span> <span class='ocrx_word' id='word_1_137' title='bbox 960 1802 1123 1869; x_wconf 90' lang='lat' dir='ltr'>discrimen</span> <span class='ocrx_word' id='word_1_138' title='bbox 1145 1803 1231 1890; x_wconf 84' lang='lat' dir='ltr'>apud</span> 
     </span>
     <span class='ocr_line' id='line_1_17' title="bbox 135 1899 1230 1991; baseline 0.005 -27"><span class='ocrx_word' id='word_1_139' title='bbox 135 1899 291 1968; x_wconf 82' lang='lat' dir='ltr'>Hebroeos</span> <span class='ocrx_word' id='word_1_140' title='bbox 303 1900 444 1988; x_wconf 89' lang='lat' dir='ltr'>reperire</span> <span class='ocrx_word' id='word_1_141' title='bbox 461 1910 519 1979; x_wconf 88' lang='lat' dir='ltr'>est,</span> <span class='ocrx_word' id='word_1_142' title='bbox 538 1900 610 1989; x_wconf 75' lang='lat' dir='ltr'>&#39;qui</span> <span class='ocrx_word' id='word_1_143' title='bbox 626 1923 695 1967; x_wconf 91' lang='lat' dir='ltr'>cum</span> <span class='ocrx_word' id='word_1_144' title='bbox 712 1899 856 1968; x_wconf 86' lang='lat' dir='ltr'>distincte</span> <span class='ocrx_word' id='word_1_145' title='bbox 871 1901 1050 1990; x_wconf 89' lang='lat' dir='ltr'>loquuntur,</span> <span class='ocrx_word' id='word_1_146' title='bbox 1071 1902 1124 1991; x_wconf 90' lang='lat' dir='ltr'>jus</span> <span class='ocrx_word' id='word_1_147' title='bbox 1139 1911 1230 1970; x_wconf 83' lang='lat' dir='ltr'>nutu·</span> 
     </span>
     <span class='ocr_line' id='line_1_18' title="bbox 133 1996 1228 2090; baseline 0.004 -24"><span class='ocrx_word' id='word_1_148' title='bbox 133 1999 199 2066; x_wconf 85' lang='lat' dir='ltr'>rsle</span> <span class='ocrx_word' id='word_1_149' title='bbox 214 2011 326 2067; x_wconf 81' lang='lat' dir='ltr'>vocent</span> <span class='ocrx_word' id='word_1_150' title='bbox 341 2004 459 2076; x_wconf 64' lang='lat' dir='ltr'>”iiim</span> <span class='ocrx_word' id='word_1_151' title='bbox 468 2000 521 2087; x_wconf 89' lang='lat' dir='ltr'>jus</span> <span class='ocrx_word' id='word_1_152' title='bbox 537 2000 736 2067; x_wconf 89' lang='lat' dir='ltr'>constitutum</span> <span class='ocrx_word' id='word_1_153' title='bbox 753 2013 845 2090; x_wconf 64' lang='lat' dir='ltr'>opti,</span> <span class='ocrx_word' id='word_1_154' title='bbox 863 2023 995 2088; x_wconf 89' lang='lat' dir='ltr'>quorum</span> <span class='ocrx_word' id='word_1_155' title='bbox 1011 2002 1088 2070; x_wconf 93' lang='lat' dir='ltr'>illud</span> <span class='ocrx_word' id='word_1_156' title='bbox 1105 1996 1228 2073; x_wconf 70' lang='lat' dir='ltr'>ducatui·</span> 
     </span>
     <span class='ocr_line' id='line_1_19' title="bbox 133 2095 935 2179; baseline -0.004 -10"><span class='ocrx_word' id='word_1_157' title='bbox 133 2129 236 2179; x_wconf 82' lang='grc' dir='ltr'><strong><em>ματα,</em></strong></span> <span class='ocrx_word' id='word_1_158' title='bbox 254 2100 314 2166; x_wconf 89' lang='lat' dir='ltr'>hoo</span> <span class='ocrx_word' id='word_1_159' title='bbox 329 2095 470 2171; x_wconf 73' lang='grc' dir='ltr'>ἐντολὰς</span> <span class='ocrx_word' id='word_1_160' title='bbox 486 2100 587 2167; x_wconf 84' lang='grc' dir='ltr'><strong>ιοῙοιι</strong></span> <span class='ocrx_word' id='word_1_161' title='bbox 601 2108 726 2167; x_wconf 80' lang='lat' dir='ltr'>vertere</span> <span class='ocrx_word' id='word_1_162' title='bbox 743 2101 935 2168; x_wconf 84' lang='lat' dir='ltr'>Hellenistae.</span> 
     </span>
    </p>
   </div>
   <div class='ocr_carea' id='block_1_3' title="bbox 134 2270 1236 3239">
    <p class='ocr_par' dir='ltr' id='par_1_4' title="bbox 134 2270 1233 2335">
     <span class='ocr_line' id='line_1_20' title="bbox 134 2270 1233 2335; baseline 0.002 -15"><span class='ocrx_word' id='word_1_163' title='bbox 134 2272 232 2320; x_wconf 67' lang='lat' dir='ltr'>sons.</span> <span class='ocrx_word' id='word_1_164' title='bbox 242 2271 297 2319; x_wconf 78' lang='lat' dir='ltr'>iub.</span> <span class='ocrx_word' id='word_1_165' title='bbox 309 2284 329 2319; x_wconf 86' lang='lat'>1.</span> <span class='ocrx_word' id='word_1_166' title='bbox 338 2285 392 2332; x_wconf 82' lang='lat' dir='ltr'>csp.</span> <span class='ocrx_word' id='word_1_167' title='bbox 399 2271 430 2318; x_wconf 82' lang='lat' dir='ltr'>ri.</span> <span class='ocrx_word' id='word_1_168' title='bbox 443 2271 458 2332; x_wconf 76' lang='lat'>§</span> <span class='ocrx_word' id='word_1_169' title='bbox 469 2272 490 2318; x_wconf 92' lang='lat'>1.</span> <span class='ocrx_word' id='word_1_170' title='bbox 511 2270 538 2318; x_wconf 87' lang='lat' dir='ltr'>J.</span> <span class='ocrx_word' id='word_1_171' title='bbox 549 2271 582 2318; x_wconf 85' lang='grc' dir='ltr'>Β.</span> <span class='ocrx_word' id='word_1_172' title='bbox 752 2270 760 2300; x_wconf 90' lang='lat'>¹</span> <span class='ocrx_word' id='word_1_173' title='bbox 776 2272 807 2319; x_wconf 91' lang='lat' dir='ltr'>lu</span> <span class='ocrx_word' id='word_1_174' title='bbox 823 2273 908 2321; x_wconf 79' lang='lat' dir='ltr'>Etltc.</span> <span class='ocrx_word' id='word_1_175' title='bbox 922 2274 957 2320; x_wconf 83' lang='lat' dir='ltr'>ud</span> <span class='ocrx_word' id='word_1_176' title='bbox 970 2272 1063 2320; x_wconf 81' lang='lat' dir='ltr'>Nicom.</span> <span class='ocrx_word' id='word_1_177' title='bbox 1079 2273 1135 2321; x_wconf 85' lang='lat' dir='ltr'>Lib.</span> <span class='ocrx_word' id='word_1_178' title='bbox 1145 2289 1168 2321; x_wconf 84' lang='grc' dir='ltr'>ι.</span> <span class='ocrx_word' id='word_1_179' title='bbox 1178 2289 1233 2335; x_wconf 83' lang='lat' dir='ltr'>esp.</span> 
     </span>
    </p>

    <p class='ocr_par' dir='ltr' id='par_1_5' title="bbox 134 2347 1236 2774">
     <span class='ocr_line' id='line_1_21' title="bbox 176 2347 1234 2408; baseline -0.004 -13"><span class='ocrx_word' id='word_1_180' title='bbox 176 2347 188 2379; x_wconf 72' lang='lat'><strong>⁹</strong></span> <span class='ocrx_word' id='word_1_181' title='bbox 208 2349 392 2397; x_wconf 73' lang='lat' dir='ltr'>Pmisrioncm</span> <span class='ocrx_word' id='word_1_182' title='bbox 420 2362 469 2395; x_wconf 92' lang='lat' dir='ltr'>non</span> <span class='ocrx_word' id='word_1_183' title='bbox 494 2361 546 2395; x_wconf 87' lang='lat' dir='ltr'>esse</span> <span class='ocrx_word' id='word_1_184' title='bbox 568 2360 658 2393; x_wconf 84' lang='lat' dir='ltr'>merem</span> <span class='ocrx_word' id='word_1_185' title='bbox 708 2362 731 2397; x_wconf 79' lang='grc' dir='ltr'><strong>ι.</strong></span> <span class='ocrx_word' id='word_1_186' title='bbox 763 2347 810 2395; x_wconf 83' lang='lat' dir='ltr'>Sed</span> <span class='ocrx_word' id='word_1_187' title='bbox 825 2353 962 2408; x_wconf 88' lang='lat' dir='ltr'>utrumque,</span> <span class='ocrx_word' id='word_1_188' title='bbox 978 2349 1108 2395; x_wconf 88' lang='lat' dir='ltr'>secundnm</span> <span class='ocrx_word' id='word_1_189' title='bbox 1125 2350 1234 2396; x_wconf 76' lang='lat' dir='ltr'>Philone.</span> 
     </span>
     <span class='ocr_line' id='line_1_22' title="bbox 134 2420 1233 2486; baseline 0.001 -15"><span class='ocrx_word' id='word_1_190' title='bbox 134 2424 233 2471; x_wconf 63' lang='lat' dir='ltr'>udonis</span> <span class='ocrx_word' id='word_1_191' title='bbox 256 2425 417 2486; x_wconf 70' lang='lat' dir='ltr'>negotionem,</span> <span class='ocrx_word' id='word_1_192' title='bbox 441 2438 457 2471; x_wconf 82' lang='lat' dir='ltr'>u</span> <span class='ocrx_word' id='word_1_193' title='bbox 484 2427 554 2484; x_wconf 76' lang='lat' dir='ltr'>purte</span> <span class='ocrx_word' id='word_1_194' title='bbox 578 2422 659 2483; x_wconf 87' lang='lat' dir='ltr'>Legis,</span> <span class='ocrx_word' id='word_1_195' title='bbox 708 2420 961 2484; x_wconf 72' lang='lat' dir='ltr'>piumpurtsmrucit</span> <span class='ocrx_word' id='word_1_196' title='bbox 975 2425 1047 2470; x_wconf 75' lang='lat' dir='ltr'>Juru</span> <span class='ocrx_word' id='word_1_197' title='bbox 1061 2424 1154 2483; x_wconf 75' lang='lat' dir='ltr'>Ciuilis,</span> <span class='ocrx_word' id='word_1_198' title='bbox 1169 2426 1233 2486; x_wconf 90' lang='lat' dir='ltr'>quod</span> 
     </span>
     <span class='ocr_line' id='line_1_23' title="bbox 135 2498 1234 2560; baseline 0 -13"><span class='ocrx_word' id='word_1_199' title='bbox 135 2501 280 2548; x_wconf 68' lang='lat' dir='ltr'>ostendimus</span> <span class='ocrx_word' id='word_1_200' title='bbox 288 2501 320 2547; x_wconf 74' lang='lat' dir='ltr'>nd</span> <span class='ocrx_word' id='word_1_201' title='bbox 328 2501 498 2548; x_wconf 68' lang='lat' dir='ltr'>Pulmoitr.</span> <span class='ocrx_word' id='word_1_202' title='bbox 512 2498 566 2546; x_wconf 81' lang='lat' dir='ltr'>Lib.</span> <span class='ocrx_word' id='word_1_203' title='bbox 577 2512 595 2544; x_wconf 88' lang='lat' dir='ltr'>i.</span> <span class='ocrx_word' id='word_1_204' title='bbox 606 2512 659 2559; x_wconf 76' lang='lat' dir='ltr'>esp.</span> <span class='ocrx_word' id='word_1_205' title='bbox 709 2503 778 2545; x_wconf 77' lang='lat' dir='ltr'>vocet</span> <span class='ocrx_word' id='word_1_206' title='bbox 789 2499 890 2546; x_wconf 70' lang='grc' dir='ltr'><strong>Δίκαιον</strong></span> <span class='ocrx_word' id='word_1_207' title='bbox 898 2499 1045 2557; x_wconf 77' lang='grc' dir='ltr'><strong>Πολιτικὸν,</strong></span> <span class='ocrx_word' id='word_1_208' title='bbox 1055 2504 1083 2546; x_wconf 85' lang='lat' dir='ltr'>ut</span> <span class='ocrx_word' id='word_1_209' title='bbox 1093 2513 1129 2558; x_wconf 73' lang='lat' dir='ltr'>se,</span> <span class='ocrx_word' id='word_1_210' title='bbox 1139 2500 1169 2546; x_wconf 86' lang='lat' dir='ltr'>ds</span> <span class='ocrx_word' id='word_1_211' title='bbox 1179 2501 1234 2560; x_wconf 84' lang='lat' dir='ltr'>qui-</span> 
     </span>
     <span class='ocr_line' id='line_1_24' title="bbox 135 2572 1236 2636; baseline 0.001 -15"><span class='ocrx_word' id='word_1_212' title='bbox 135 2576 166 2621; x_wconf 82' lang='lat' dir='ltr'>ri.</span> <span class='ocrx_word' id='word_1_213' title='bbox 177 2573 191 2636; x_wconf 68' lang='lat' dir='ltr'>fi</span> <span class='ocrx_word' id='word_1_214' title='bbox 202 2578 239 2623; x_wconf 79' lang='lat'>16.</span> <span class='ocrx_word' id='word_1_215' title='bbox 254 2575 313 2622; x_wconf 73' lang='lat' dir='ltr'>rios</span> <span class='ocrx_word' id='word_1_216' title='bbox 323 2577 346 2633; x_wconf 71' lang='lat'>2,</span> <span class='ocrx_word' id='word_1_217' title='bbox 355 2581 381 2622; x_wconf 89' lang='lat' dir='ltr'>et</span> <span class='ocrx_word' id='word_1_218' title='bbox 390 2575 420 2622; x_wconf 90' lang='lat' dir='ltr'>ds</span> <span class='ocrx_word' id='word_1_219' title='bbox 430 2589 459 2622; x_wconf 82' lang='lat' dir='ltr'>es</span> <span class='ocrx_word' id='word_1_220' title='bbox 468 2588 494 2622; x_wconf 87' lang='lat' dir='ltr'>re</span> <span class='ocrx_word' id='word_1_221' title='bbox 504 2574 597 2635; x_wconf 83' lang='lat' dir='ltr'>plenius</span> <span class='ocrx_word' id='word_1_222' title='bbox 607 2572 658 2633; x_wconf 86' lang='lat' dir='ltr'>egi·</span> <span class='ocrx_word' id='word_1_223' title='bbox 708 2573 754 2619; x_wconf 90' lang='lat' dir='ltr'>bus</span> <span class='ocrx_word' id='word_1_224' title='bbox 763 2572 850 2633; x_wconf 77' lang='lat' dir='ltr'>egitur,</span> <span class='ocrx_word' id='word_1_225' title='bbox 862 2573 963 2620; x_wconf 73' lang='grc' dir='ltr'><strong>Δίκαιον</strong></span> <span class='ocrx_word' id='word_1_226' title='bbox 973 2573 1088 2632; x_wconf 75' lang='grc' dir='ltr'><strong>Φυσικὸν,</strong></span> <span class='ocrx_word' id='word_1_227' title='bbox 1097 2579 1122 2622; x_wconf 86' lang='grc' dir='ltr'>οι</span> <span class='ocrx_word' id='word_1_228' title='bbox 1132 2575 1236 2622; x_wconf 74' lang='grc' dir='ltr'><strong>Δίκαιον</strong></span> 
     </span>
     <span class='ocr_line' id='line_1_25' title="bbox 134 2647 1234 2709; baseline -0.001 -12"><span class='ocrx_word' id='word_1_229' title='bbox 134 2664 187 2698; x_wconf 86' lang='lat' dir='ltr'>mus</span> <span class='ocrx_word' id='word_1_230' title='bbox 205 2652 231 2698; x_wconf 89' lang='lat' dir='ltr'>in</span> <span class='ocrx_word' id='word_1_231' title='bbox 248 2651 319 2699; x_wconf 75' lang='lat' dir='ltr'>Notis</span> <span class='ocrx_word' id='word_1_232' title='bbox 336 2650 435 2698; x_wconf 67' lang='lat' dir='ltr'>Gallicis</span> <span class='ocrx_word' id='word_1_233' title='bbox 451 2650 482 2697; x_wconf 81' lang='lat' dir='ltr'>sd</span> <span class='ocrx_word' id='word_1_234' title='bbox 497 2651 561 2696; x_wconf 90' lang='lat' dir='ltr'>bunc</span> <span class='ocrx_word' id='word_1_235' title='bbox 579 2648 660 2696; x_wconf 83' lang='lat' dir='ltr'>Grotii</span> <span class='ocrx_word' id='word_1_236' title='bbox 708 2647 830 2707; x_wconf 75' lang='grc' dir='ltr'><strong>Νομικόν.</strong></span> <span class='ocrx_word' id='word_1_237' title='bbox 854 2648 971 2708; x_wconf 78' lang='lat' dir='ltr'>Adeoque</span> <span class='ocrx_word' id='word_1_238' title='bbox 981 2648 1063 2709; x_wconf 86' lang='lat' dir='ltr'>peullo</span> <span class='ocrx_word' id='word_1_239' title='bbox 1071 2649 1141 2696; x_wconf 80' lang='lat' dir='ltr'>utitor</span> <span class='ocrx_word' id='word_1_240' title='bbox 1151 2650 1234 2697; x_wconf 81' lang='lat' dir='ltr'>divisio</span> 
     </span>
     <span class='ocr_line' id='line_1_26' title="bbox 135 2723 1150 2774; baseline -0.001 -1"><span class='ocrx_word' id='word_1_241' title='bbox 135 2726 304 2774; x_wconf 80' lang='lat' dir='ltr'>noshiloomh.</span> <span class='ocrx_word' id='word_1_242' title='bbox 335 2725 363 2773; x_wconf 88' lang='lat' dir='ltr'>J.</span> <span class='ocrx_word' id='word_1_243' title='bbox 372 2725 405 2773; x_wconf 86' lang='lat' dir='ltr'>B.</span> <span class='ocrx_word' id='word_1_244' title='bbox 709 2723 823 2769; x_wconf 82' lang='lat' dir='ltr'>Auctoris</span> <span class='ocrx_word' id='word_1_245' title='bbox 833 2723 908 2769; x_wconf 87' lang='lat' dir='ltr'>nostri</span> <span class='ocrx_word' id='word_1_246' title='bbox 917 2737 969 2770; x_wconf 88' lang='lat' dir='ltr'>sese</span> <span class='ocrx_word' id='word_1_247' title='bbox 978 2723 1059 2772; x_wconf 73' lang='lat' dir='ltr'>hebet.</span> <span class='ocrx_word' id='word_1_248' title='bbox 1082 2723 1150 2772; x_wconf 57' lang='grc' dir='ltr'>«ΚΒ.</span> 
     </span>
    </p>

    <p class='ocr_par' dir='ltr' id='par_1_6' title="bbox 135 2797 1235 3239">
     <span class='ocr_line' id='line_1_27' title="bbox 178 2797 1235 2862; baseline -0.005 -13"><span class='ocrx_word' id='word_1_249' title='bbox 178 2809 197 2836; x_wconf 83' lang='lat'>¹</span> <span class='ocrx_word' id='word_1_250' title='bbox 211 2801 260 2849; x_wconf 81' lang='lat' dir='ltr'>Jru</span> <span class='ocrx_word' id='word_1_251' title='bbox 284 2802 330 2848; x_wconf 75' lang='lat' dir='ltr'>huc</span> <span class='ocrx_word' id='word_1_252' title='bbox 353 2800 452 2858; x_wconf 70' lang='grc' dir='ltr'><strong>ποιιοιιο,</strong></span> <span class='ocrx_word' id='word_1_253' title='bbox 476 2798 530 2859; x_wconf 75' lang='lat' dir='ltr'>sto]</span> <span class='ocrx_word' id='word_1_254' title='bbox 569 2799 660 2847; x_wconf 75' lang='lat' dir='ltr'>Exem-</span> <span class='ocrx_word' id='word_1_255' title='bbox 753 2797 832 2845; x_wconf 78' lang='lat' dir='ltr'>&#39;Hoc</span> <span class='ocrx_word' id='word_1_256' title='bbox 848 2798 973 2846; x_wconf 88' lang='lat' dir='ltr'>discrimen</span> <span class='ocrx_word' id='word_1_257' title='bbox 986 2813 1035 2846; x_wconf 89' lang='lat' dir='ltr'>non</span> <span class='ocrx_word' id='word_1_258' title='bbox 1050 2814 1145 2862; x_wconf 85' lang='lat' dir='ltr'>semper</span> <span class='ocrx_word' id='word_1_259' title='bbox 1153 2802 1235 2848; x_wconf 88' lang='lat' dir='ltr'>obser.</span> 
     </span>
     <span class='ocr_line' id='line_1_28' title="bbox 135 2874 1235 2938; baseline 0.001 -14"><span class='ocrx_word' id='word_1_260' title='bbox 135 2877 201 2938; x_wconf 86' lang='lat' dir='ltr'>plum</span> <span class='ocrx_word' id='word_1_261' title='bbox 217 2878 250 2924; x_wconf 81' lang='lat' dir='ltr'>stt</span> <span class='ocrx_word' id='word_1_262' title='bbox 266 2877 291 2923; x_wconf 91' lang='lat' dir='ltr'>ln</span> <span class='ocrx_word' id='word_1_263' title='bbox 302 2874 398 2922; x_wconf 77' lang='lat' dir='ltr'>Zsleuci</span> <span class='ocrx_word' id='word_1_264' title='bbox 411 2874 474 2934; x_wconf 86' lang='lat' dir='ltr'>legs,</span> <span class='ocrx_word' id='word_1_265' title='bbox 489 2887 585 2933; x_wconf 82' lang='lat' dir='ltr'>poenern</span> <span class='ocrx_word' id='word_1_266' title='bbox 598 2874 659 2920; x_wconf 87' lang='lat' dir='ltr'>irro-</span> <span class='ocrx_word' id='word_1_267' title='bbox 709 2874 767 2932; x_wconf 81' lang='lat' dir='ltr'>veri,</span> <span class='ocrx_word' id='word_1_268' title='bbox 776 2874 828 2935; x_wconf 83' lang='lat' dir='ltr'>lpse</span> <span class='ocrx_word' id='word_1_269' title='bbox 840 2875 1030 2932; x_wconf 70' lang='lat' dir='ltr'>auctoriatetnr,</span> <span class='ocrx_word' id='word_1_270' title='bbox 1040 2875 1065 2921; x_wconf 93' lang='lat' dir='ltr'>in</span> <span class='ocrx_word' id='word_1_271' title='bbox 1076 2877 1193 2925; x_wconf 75' lang='lat' dir='ltr'>Adnotnt</span> <span class='ocrx_word' id='word_1_272' title='bbox 1203 2878 1235 2925; x_wconf 88' lang='lat' dir='ltr'>sd</span> 
     </span>
     <span class='ocr_line' id='line_1_29' title="bbox 135 2948 1235 3014; baseline -0.001 -14"><span class='ocrx_word' id='word_1_273' title='bbox 135 2959 208 3014; x_wconf 80' lang='lat' dir='ltr'>gnnts</span> <span class='ocrx_word' id='word_1_274' title='bbox 223 2952 297 3012; x_wconf 83' lang='lat' dir='ltr'>siqui</span> <span class='ocrx_word' id='word_1_275' title='bbox 311 2955 396 2998; x_wconf 70' lang='lat' dir='ltr'>contu</span> <span class='ocrx_word' id='word_1_276' title='bbox 409 2949 499 2997; x_wconf 80' lang='lat' dir='ltr'>Medici</span> <span class='ocrx_word' id='word_1_277' title='bbox 513 2953 659 3009; x_wconf 71' lang='lat' dir='ltr'>preceptum</span> <span class='ocrx_word' id='word_1_278' title='bbox 710 2948 769 2994; x_wconf 88' lang='lat' dir='ltr'>Luc.</span> <span class='ocrx_word' id='word_1_279' title='bbox 785 2948 801 2994; x_wconf 91' lang='lat' dir='ltr'>t.</span> <span class='ocrx_word' id='word_1_280' title='bbox 817 2948 845 3006; x_wconf 76' lang='lat'>63</span> <span class='ocrx_word' id='word_1_281' title='bbox 865 2949 927 2996; x_wconf 86' lang='lat' dir='ltr'>Vide</span> <span class='ocrx_word' id='word_1_282' title='bbox 943 2954 969 2996; x_wconf 90' lang='lat' dir='ltr'>et</span> <span class='ocrx_word' id='word_1_283' title='bbox 984 2949 1049 2997; x_wconf 80' lang='lat' dir='ltr'>cler.</span> <span class='ocrx_word' id='word_1_284' title='bbox 1066 2951 1194 3010; x_wconf 82' lang='lat' dir='ltr'>clericum,</span> <span class='ocrx_word' id='word_1_285' title='bbox 1208 2952 1235 2999; x_wconf 88' lang='lat' dir='ltr'>iu</span> 
     </span>
     <span class='ocr_line' id='line_1_30' title="bbox 136 3023 1003 3086; baseline -0.003 -11"><span class='ocrx_word' id='word_1_286' title='bbox 136 3029 215 3075; x_wconf 82' lang='lat' dir='ltr'>vinnm</span> <span class='ocrx_word' id='word_1_287' title='bbox 237 3028 345 3074; x_wconf 84' lang='lat' dir='ltr'>bibisset.</span> <span class='ocrx_word' id='word_1_288' title='bbox 376 3025 470 3086; x_wconf 81' lang='lat' dir='ltr'>{Hebet</span> <span class='ocrx_word' id='word_1_289' title='bbox 488 3038 518 3071; x_wconf 84' lang='lat' dir='ltr'>ex</span> <span class='ocrx_word' id='word_1_290' title='bbox 538 3024 661 3082; x_wconf 75' lang='lat' dir='ltr'>AEnrsrco,</span> <span class='ocrx_word' id='word_1_291' title='bbox 711 3023 907 3072; x_wconf 76' lang='lat' dir='ltr'>Gensnxxvtb.</span> <span class='ocrx_word' id='word_1_292' title='bbox 932 3023 1003 3073; x_wconf 58' lang='grc' dir='ltr'>«ΚΒ.</span> 
     </span>
     <span class='ocr_line' id='line_1_31' title="bbox 142 3098 1235 3159; baseline 0.002 -11"><span class='ocrx_word' id='word_1_293' title='bbox 142 3104 198 3150; x_wconf 78' lang='lat' dir='ltr'>Var.</span> <span class='ocrx_word' id='word_1_294' title='bbox 208 3103 273 3150; x_wconf 77' lang='grc' dir='ltr'><strong>ΙΓιιι.</strong></span> <span class='ocrx_word' id='word_1_295' title='bbox 283 3115 313 3149; x_wconf 90' lang='grc' dir='ltr'>ιι.</span> <span class='ocrx_word' id='word_1_296' title='bbox 323 3104 361 3149; x_wconf 81' lang='grc'>37.</span> <span class='ocrx_word' id='word_1_297' title='bbox 384 3101 455 3146; x_wconf 79' lang='lat' dir='ltr'>succ</span> <span class='ocrx_word' id='word_1_298' title='bbox 465 3098 555 3146; x_wconf 76' lang='lat' dir='ltr'>Notum</span> <span class='ocrx_word' id='word_1_299' title='bbox 564 3099 662 3145; x_wconf 80' lang='lat' dir='ltr'>Perizo-</span> <span class='ocrx_word' id='word_1_300' title='bbox 781 3099 854 3159; x_wconf 70' lang='lat' dir='ltr'>nitu]</span> <span class='ocrx_word' id='word_1_301' title='bbox 861 3108 938 3148; x_wconf 73' lang='lat' dir='ltr'>estvm</span> <span class='ocrx_word' id='word_1_302' title='bbox 949 3100 989 3147; x_wconf 80' lang='lat' dir='ltr'>Sic</span> <span class='ocrx_word' id='word_1_303' title='bbox 996 3101 1155 3150; x_wconf 81' lang='lat' dir='ltr'>bielmonidsn</span> <span class='ocrx_word' id='word_1_304' title='bbox 1160 3103 1235 3151; x_wconf 86' lang='lat' dir='ltr'>Libro</span> 
     </span>
     <span class='ocr_line' id='line_1_32' title="bbox 138 3172 1174 3239; baseline 0.001 -13"><span class='ocrx_word' id='word_1_305' title='bbox 138 3178 170 3226; x_wconf 86' lang='lat' dir='ltr'>nii</span> <span class='ocrx_word' id='word_1_306' title='bbox 178 3179 205 3225; x_wconf 89' lang='lat' dir='ltr'>iu</span> <span class='ocrx_word' id='word_1_307' title='bbox 214 3191 256 3225; x_wconf 87' lang='grc' dir='ltr'><strong>ιιι.</strong></span> <span class='ocrx_word' id='word_1_308' title='bbox 265 3179 304 3226; x_wconf 71' lang='lat'>84.</span> <span class='ocrx_word' id='word_1_309' title='bbox 319 3175 428 3239; x_wconf 86' lang='lat' dir='ltr'>ejusdem</span> <span class='ocrx_word' id='word_1_310' title='bbox 438 3173 560 3223; x_wconf 75' lang='lat' dir='ltr'>Auctoris.</span> <span class='ocrx_word' id='word_1_311' title='bbox 580 3173 608 3222; x_wconf 87' lang='lat' dir='ltr'>J.</span> <span class='ocrx_word' id='word_1_312' title='bbox 617 3172 661 3233; x_wconf 85' lang='lat' dir='ltr'>B.]</span> <span class='ocrx_word' id='word_1_313' title='bbox 709 3186 750 3222; x_wconf 88' lang='grc' dir='ltr'><strong>ιιι.</strong></span> <span class='ocrx_word' id='word_1_314' title='bbox 760 3174 866 3221; x_wconf 88' lang='lat' dir='ltr'>ductoris</span> <span class='ocrx_word' id='word_1_315' title='bbox 876 3174 1036 3223; x_wconf 70' lang='lat' dir='ltr'>dubitantium</span> <span class='ocrx_word' id='word_1_316' title='bbox 1045 3191 1098 3239; x_wconf 84' lang='lat' dir='ltr'>csp.</span> <span class='ocrx_word' id='word_1_317' title='bbox 1109 3179 1174 3226; x_wconf 78' lang='lat' dir='ltr'>xxvi.</span> 
     </span>
    </p>
   </div>
   <div class='ocr_carea' id='block_1_4' title="bbox 137 3385 1240 4322">
    <p class='ocr_par' dir='ltr' id='par_1_7' title="bbox 138 3385 1234 3545">
     <span class='ocr_line' id='line_1_33' title="bbox 138 3385 1234 3460; baseline 0.001 -17"><span class='ocrx_word' id='word_1_318' title='bbox 138 3387 186 3444; x_wconf 92' lang='lat' dir='ltr'>ths</span> <span class='ocrx_word' id='word_1_319' title='bbox 200 3387 249 3460; x_wconf 91' lang='lat' dir='ltr'>big</span> <span class='ocrx_word' id='word_1_320' title='bbox 259 3386 317 3460; x_wconf 81' lang='lat' dir='ltr'>boy</span> <span class='ocrx_word' id='word_1_321' title='bbox 327 3386 377 3443; x_wconf 89' lang='lat' dir='ltr'>the</span> <span class='ocrx_word' id='word_1_322' title='bbox 388 3387 481 3459; x_wconf 84' lang='lat' dir='ltr'>lsrger</span> <span class='ocrx_word' id='word_1_323' title='bbox 495 3392 567 3452; x_wconf 88' lang='lat' dir='ltr'>cust,</span> <span class='ocrx_word' id='word_1_324' title='bbox 579 3385 668 3442; x_wconf 81' lang='lat' dir='ltr'>which</span> <span class='ocrx_word' id='word_1_325' title='bbox 683 3386 821 3458; x_wconf 85' lang='lat' dir='ltr'>belonged</span> <span class='ocrx_word' id='word_1_326' title='bbox 834 3391 864 3441; x_wconf 98' lang='grc' dir='ltr'>ιο</span> <span class='ocrx_word' id='word_1_327' title='bbox 879 3386 928 3440; x_wconf 85' lang='lat' dir='ltr'>tho</span> <span class='ocrx_word' id='word_1_328' title='bbox 939 3386 1013 3441; x_wconf 89' lang='lat' dir='ltr'>little</span> <span class='ocrx_word' id='word_1_329' title='bbox 1023 3387 1094 3459; x_wconf 83' lang='lat' dir='ltr'>boy:</span> <span class='ocrx_word' id='word_1_330' title='bbox 1113 3387 1234 3444; x_wconf 78' lang='lat' dir='ltr'>because</span> 
     </span>
     <span class='ocr_line' id='line_1_34' title="bbox 138 3472 921 3545; baseline -0.004 -15"><span class='ocrx_word' id='word_1_331' title='bbox 138 3472 181 3530; x_wconf 87' lang='lat' dir='ltr'>his</span> <span class='ocrx_word' id='word_1_332' title='bbox 195 3473 322 3529; x_wconf 82' lang='lat' dir='ltr'>business</span> <span class='ocrx_word' id='word_1_333' title='bbox 336 3489 392 3528; x_wconf 78' lang='lat' dir='ltr'>was</span> <span class='ocrx_word' id='word_1_334' title='bbox 404 3473 557 3545; x_wconf 63' lang='lat' dir='ltr'>expletum,</span> <span class='ocrx_word' id='word_1_335' title='bbox 570 3478 622 3528; x_wconf 89' lang='lat' dir='ltr'>not</span> <span class='ocrx_word' id='word_1_336' title='bbox 636 3473 799 3528; x_wconf 77' lang='lat' dir='ltr'>attributirs</span> <span class='ocrx_word' id='word_1_337' title='bbox 809 3472 921 3542; x_wconf 87' lang='lat' dir='ltr'>justice.</span> 
     </span>
    </p>

    <p class='ocr_par' dir='ltr' id='par_1_8' title="bbox 138 3557 1237 3718">
     <span class='ocr_line' id='line_1_35' title="bbox 189 3557 1237 3632; baseline 0.003 -18"><span class='ocrx_word' id='word_1_338' title='bbox 189 3559 244 3614; x_wconf 63' lang='lat' dir='ltr'>IX</span> <span class='ocrx_word' id='word_1_339' title='bbox 282 3564 297 3613; x_wconf 94' lang='lat'>1</span> <span class='ocrx_word' id='word_1_340' title='bbox 320 3559 374 3614; x_wconf 76' lang='lat' dir='ltr'>Ius</span> <span class='ocrx_word' id='word_1_341' title='bbox 390 3557 441 3614; x_wconf 84' lang='lat' dir='ltr'>hes</span> <span class='ocrx_word' id='word_1_342' title='bbox 460 3575 479 3614; x_wconf 89' lang='lat' dir='ltr'>s</span> <span class='ocrx_word' id='word_1_343' title='bbox 498 3557 574 3614; x_wconf 87' lang='lat' dir='ltr'>third</span> <span class='ocrx_word' id='word_1_344' title='bbox 595 3559 789 3630; x_wconf 76' lang='lat' dir='ltr'>signification,</span> <span class='ocrx_word' id='word_1_345' title='bbox 811 3559 942 3629; x_wconf 82' lang='lat' dir='ltr'>monning</span> <span class='ocrx_word' id='word_1_346' title='bbox 954 3558 1021 3613; x_wconf 80' lang='lat' dir='ltr'>Lau</span> <span class='ocrx_word' id='word_1_347' title='bbox 1038 3559 1069 3613; x_wconf 92' lang='lat' dir='ltr'>in</span> <span class='ocrx_word' id='word_1_348' title='bbox 1083 3558 1119 3616; x_wconf 88' lang='lat' dir='ltr'>its</span> <span class='ocrx_word' id='word_1_349' title='bbox 1132 3559 1237 3632; x_wconf 80' lang='lat' dir='ltr'>largest</span> 
     </span>
     <span class='ocr_line' id='line_1_36' title="bbox 138 3644 1150 3718; baseline 0.002 -19"><span class='ocrx_word' id='word_1_350' title='bbox 138 3661 226 3710; x_wconf 81' lang='lat' dir='ltr'>sense,</span> <span class='ocrx_word' id='word_1_351' title='bbox 236 3644 359 3717; x_wconf 76' lang='lat' dir='ltr'>nsmsly‚</span> <span class='ocrx_word' id='word_1_352' title='bbox 372 3644 416 3699; x_wconf 79' lang='lat' dir='ltr'>“s</span> <span class='ocrx_word' id='word_1_353' title='bbox 428 3644 504 3700; x_wconf 88' lang='lat' dir='ltr'>Rule</span> <span class='ocrx_word' id='word_1_354' title='bbox 518 3644 551 3699; x_wconf 81' lang='lat' dir='ltr'>ot</span> <span class='ocrx_word' id='word_1_355' title='bbox 561 3645 651 3699; x_wconf 81' lang='lat' dir='ltr'>morel</span> <span class='ocrx_word' id='word_1_356' title='bbox 665 3651 724 3700; x_wconf 83' lang='lat' dir='ltr'>sets</span> <span class='ocrx_word' id='word_1_357' title='bbox 739 3645 862 3716; x_wconf 89' lang='lat' dir='ltr'>obliging</span> <span class='ocrx_word' id='word_1_358' title='bbox 876 3650 907 3700; x_wconf 92' lang='lat' dir='ltr'>to</span> <span class='ocrx_word' id='word_1_359' title='bbox 921 3644 996 3700; x_wconf 80' lang='lat' dir='ltr'>whnt</span> <span class='ocrx_word' id='word_1_360' title='bbox 1009 3646 1033 3700; x_wconf 92' lang='lat' dir='ltr'>is</span> <span class='ocrx_word' id='word_1_361' title='bbox 1047 3645 1150 3718; x_wconf 88' lang='lat' dir='ltr'>right.&#39;’</span> 
     </span>
    </p>

    <p class='ocr_par' dir='ltr' id='par_1_9' title="bbox 137 3729 1238 4062">
     <span class='ocr_line' id='line_1_37' title="bbox 189 3729 1238 3803; baseline 0.001 -16"><span class='ocrx_word' id='word_1_362' title='bbox 189 3730 357 3802; x_wconf 60' lang='lat' dir='ltr'>“Obliuioffl</span> <span class='ocrx_word' id='word_1_363' title='bbox 374 3729 398 3786; x_wconf 92' lang='lat' dir='ltr'>is</span> <span class='ocrx_word' id='word_1_364' title='bbox 412 3747 559 3803; x_wconf 80' lang='lat' dir='ltr'>necessary</span> <span class='ocrx_word' id='word_1_365' title='bbox 572 3737 603 3785; x_wconf 92' lang='lat' dir='ltr'>to</span> <span class='ocrx_word' id='word_1_366' title='bbox 618 3730 673 3785; x_wconf 91' lang='lat' dir='ltr'>this</span> <span class='ocrx_word' id='word_1_367' title='bbox 688 3731 889 3802; x_wconf 75' lang='lat' dir='ltr'>signification:</span> <span class='ocrx_word' id='word_1_368' title='bbox 912 3731 959 3787; x_wconf 81' lang='lat' dir='ltr'>for</span> <span class='ocrx_word' id='word_1_369' title='bbox 973 3748 1050 3788; x_wconf 90' lang='lat' dir='ltr'>mere</span> <span class='ocrx_word' id='word_1_370' title='bbox 1069 3733 1190 3789; x_wconf 81' lang='lat' dir='ltr'>coumcl</span> <span class='ocrx_word' id='word_1_371' title='bbox 1203 3750 1238 3789; x_wconf 88' lang='lat' dir='ltr'>or</span> 
     </span>
     <span class='ocr_line' id='line_1_38' title="bbox 138 3815 1237 3885; baseline 0.003 -12"><span class='ocrx_word' id='word_1_372' title='bbox 138 3815 247 3873; x_wconf 80' lang='lat' dir='ltr'>Adrioe</span> <span class='ocrx_word' id='word_1_373' title='bbox 260 3816 285 3872; x_wconf 87' lang='lat' dir='ltr'>is</span> <span class='ocrx_word' id='word_1_374' title='bbox 298 3822 351 3872; x_wconf 93' lang='lat' dir='ltr'>not</span> <span class='ocrx_word' id='word_1_375' title='bbox 361 3815 495 3872; x_wconf 88' lang='lat' dir='ltr'>included</span> <span class='ocrx_word' id='word_1_376' title='bbox 508 3816 598 3871; x_wconf 80' lang='lat' dir='ltr'>inJos</span> <span class='ocrx_word' id='word_1_377' title='bbox 612 3817 732 3882; x_wconf 64' lang='lat' dir='ltr'>orbum</span> <span class='ocrx_word' id='word_1_378' title='bbox 747 3815 804 3871; x_wconf 90' lang='lat' dir='ltr'>sud</span> <span class='ocrx_word' id='word_1_379' title='bbox 815 3817 1018 3873; x_wconf 85' lang='lat' dir='ltr'>Permissionis</span> <span class='ocrx_word' id='word_1_380' title='bbox 1033 3825 1083 3874; x_wconf 90' lang='lat' dir='ltr'>not</span> <span class='ocrx_word' id='word_1_381' title='bbox 1097 3819 1172 3885; x_wconf 82' lang='lat' dir='ltr'>Low,</span> <span class='ocrx_word' id='word_1_382' title='bbox 1183 3821 1237 3875; x_wconf 89' lang='lat' dir='ltr'>but</span> 
     </span>
     <span class='ocr_line' id='line_1_39' title="bbox 138 3901 1237 3977; baseline 0.002 -18"><span class='ocrx_word' id='word_1_383' title='bbox 138 3902 187 3959; x_wconf 91' lang='lat' dir='ltr'>ths</span> <span class='ocrx_word' id='word_1_384' title='bbox 200 3901 321 3959; x_wconf 69' lang='lat' dir='ltr'>sbserm</span> <span class='ocrx_word' id='word_1_385' title='bbox 335 3902 369 3958; x_wconf 83' lang='lat' dir='ltr'>of</span> <span class='ocrx_word' id='word_1_386' title='bbox 381 3902 457 3969; x_wconf 80' lang='lat' dir='ltr'>heu,</span> <span class='ocrx_word' id='word_1_387' title='bbox 471 3908 571 3974; x_wconf 84' lang='lat' dir='ltr'>except</span> <span class='ocrx_word' id='word_1_388' title='bbox 584 3918 616 3959; x_wconf 84' lang='lat' dir='ltr'>so</span> <span class='ocrx_word' id='word_1_389' title='bbox 630 3901 677 3957; x_wconf 84' lang='lat' dir='ltr'>fer</span> <span class='ocrx_word' id='word_1_390' title='bbox 689 3919 720 3958; x_wconf 84' lang='lat' dir='ltr'>es</span> <span class='ocrx_word' id='word_1_391' title='bbox 740 3903 764 3958; x_wconf 92' lang='lat' dir='ltr'>it</span> <span class='ocrx_word' id='word_1_392' title='bbox 783 3901 889 3974; x_wconf 88' lang='lat' dir='ltr'>obliges</span> <span class='ocrx_word' id='word_1_393' title='bbox 904 3902 987 3960; x_wconf 91' lang='lat' dir='ltr'>other</span> <span class='ocrx_word' id='word_1_394' title='bbox 1000 3920 1116 3977; x_wconf 90' lang='lat' dir='ltr'>persons</span> <span class='ocrx_word' id='word_1_395' title='bbox 1133 3912 1184 3961; x_wconf 90' lang='lat' dir='ltr'>not</span> <span class='ocrx_word' id='word_1_396' title='bbox 1205 3913 1237 3961; x_wconf 88' lang='lat' dir='ltr'>to</span> 
     </span>
     <span class='ocr_line' id='line_1_40' title="bbox 137 3988 259 4062; baseline -0.016 -16"><span class='ocrx_word' id='word_1_397' title='bbox 137 3988 259 4062; x_wconf 89' lang='lat' dir='ltr'>impeds.</span> 
     </span>
    </p>

    <p class='ocr_par' dir='ltr' id='par_1_10' title="bbox 138 4072 1240 4322">
     <span class='ocr_line' id='line_1_41' title="bbox 188 4072 1237 4146; baseline -0.002 -14"><span class='ocrx_word' id='word_1_398' title='bbox 188 4074 206 4102; x_wconf 78' lang='lat'>‘⁶</span> <span class='ocrx_word' id='word_1_399' title='bbox 215 4073 350 4146; x_wconf 82' lang='lat' dir='ltr'>obliging</span> <span class='ocrx_word' id='word_1_400' title='bbox 367 4078 399 4131; x_wconf 89' lang='lat' dir='ltr'>to</span> <span class='ocrx_word' id='word_1_401' title='bbox 419 4073 493 4130; x_wconf 79' lang='lat' dir='ltr'>whnt</span> <span class='ocrx_word' id='word_1_402' title='bbox 507 4073 531 4129; x_wconf 91' lang='lat' dir='ltr'>is</span> <span class='ocrx_word' id='word_1_403' title='bbox 545 4072 642 4145; x_wconf 55' lang='lat' dir='ltr'>riqis?</span> <span class='ocrx_word' id='word_1_404' title='bbox 660 4079 711 4130; x_wconf 92' lang='lat' dir='ltr'>not</span> <span class='ocrx_word' id='word_1_405' title='bbox 731 4080 762 4132; x_wconf 89' lang='grc' dir='ltr'>ιο</span> <span class='ocrx_word' id='word_1_406' title='bbox 780 4073 855 4130; x_wconf 81' lang='lat' dir='ltr'>whnt</span> <span class='ocrx_word' id='word_1_407' title='bbox 872 4075 896 4129; x_wconf 92' lang='lat' dir='ltr'>is</span> <span class='ocrx_word' id='word_1_408' title='bbox 914 4075 990 4145; x_wconf 66' lang='lat' dir='ltr'>justc</span> <span class='ocrx_word' id='word_1_409' title='bbox 1012 4074 1057 4132; x_wconf 86' lang='lat' dir='ltr'>for</span> <span class='ocrx_word' id='word_1_410' title='bbox 1070 4077 1122 4131; x_wconf 78' lang='lat' dir='ltr'>Ius</span> <span class='ocrx_word' id='word_1_411' title='bbox 1136 4076 1167 4130; x_wconf 92' lang='lat' dir='ltr'>in</span> <span class='ocrx_word' id='word_1_412' title='bbox 1180 4075 1237 4131; x_wconf 87' lang='lat' dir='ltr'>this</span> 
     </span>
     <span class='ocr_line' id='line_1_42' title="bbox 138 4160 1240 4233; baseline -0.002 -16"><span class='ocrx_word' id='word_1_413' title='bbox 138 4160 326 4232; x_wconf 76' lang='lat' dir='ltr'>sigoiumsion</span> <span class='ocrx_word' id='word_1_414' title='bbox 342 4160 409 4216; x_wconf 92' lang='lat' dir='ltr'>does</span> <span class='ocrx_word' id='word_1_415' title='bbox 428 4165 480 4215; x_wconf 90' lang='lat' dir='ltr'>not</span> <span class='ocrx_word' id='word_1_416' title='bbox 494 4160 606 4214; x_wconf 88' lang='lat' dir='ltr'>include</span> <span class='ocrx_word' id='word_1_417' title='bbox 617 4161 697 4216; x_wconf 88' lang='lat' dir='ltr'>strict</span> <span class='ocrx_word' id='word_1_418' title='bbox 711 4160 819 4217; x_wconf 84' lang='lat' dir='ltr'>Justico</span> <span class='ocrx_word' id='word_1_419' title='bbox 834 4161 948 4233; x_wconf 79' lang='lat' dir='ltr'>merely,</span> <span class='ocrx_word' id='word_1_420' title='bbox 958 4160 1011 4217; x_wconf 86' lang='lat' dir='ltr'>but</span> <span class='ocrx_word' id='word_1_421' title='bbox 1024 4162 1073 4218; x_wconf 91' lang='lat' dir='ltr'>the</span> <span class='ocrx_word' id='word_1_422' title='bbox 1089 4169 1192 4217; x_wconf 82' lang='lat' dir='ltr'>mutter</span> <span class='ocrx_word' id='word_1_423' title='bbox 1206 4161 1240 4217; x_wconf 85' lang='lat' dir='ltr'>of</span> 
     </span>
     <span class='ocr_line' id='line_1_43' title="bbox 139 4244 1169 4322; baseline -0.002 -19"><span class='ocrx_word' id='word_1_424' title='bbox 139 4246 222 4305; x_wconf 86' lang='lat' dir='ltr'>other</span> <span class='ocrx_word' id='word_1_425' title='bbox 234 4247 350 4302; x_wconf 78' lang='lat' dir='ltr'>virtues.</span> <span class='ocrx_word' id='word_1_426' title='bbox 386 4246 445 4302; x_wconf 87' lang='lat' dir='ltr'>Yet</span> <span class='ocrx_word' id='word_1_427' title='bbox 458 4244 567 4301; x_wconf 82' lang='lat' dir='ltr'>whstis</span> <span class='ocrx_word' id='word_1_428' title='bbox 582 4245 658 4317; x_wconf 84' lang='lat' dir='ltr'>right</span> <span class='ocrx_word' id='word_1_429' title='bbox 671 4247 695 4301; x_wconf 92' lang='lat' dir='ltr'>is</span> <span class='ocrx_word' id='word_1_430' title='bbox 709 4248 869 4303; x_wconf 88' lang='lat' dir='ltr'>sometimes</span> <span class='ocrx_word' id='word_1_431' title='bbox 883 4247 989 4320; x_wconf 81' lang='lat' dir='ltr'>loosely</span> <span class='ocrx_word' id='word_1_432' title='bbox 1004 4248 1094 4304; x_wconf 83' lang='lat' dir='ltr'>oslled</span> <span class='ocrx_word' id='word_1_433' title='bbox 1102 4250 1169 4322; x_wconf 72' lang='lat' dir='ltr'>juret.</span> 
     </span>
    </p>
   </div>
   <div class='ocr_carea' id='block_1_5' title="bbox 138 4302 1375 4630">
    <p class='ocr_par' dir='ltr' id='par_1_11' title="bbox 138 4302 1375 4630">
     <span class='ocr_line' id='line_1_44' title="bbox 192 4302 1375 4630; baseline -0.003 -244"><span class='ocrx_word' id='word_1_434' title='bbox 192 4338 210 4386; x_wconf 80' lang='lat'><strong>2</strong></span> <span class='ocrx_word' id='word_1_435' title='bbox 232 4332 295 4388; x_wconf 79' lang='lat' dir='ltr'>&#39;l’he</span> <span class='ocrx_word' id='word_1_436' title='bbox 312 4331 377 4388; x_wconf 81' lang='lat' dir='ltr'>best</span> <span class='ocrx_word' id='word_1_437' title='bbox 400 4332 563 4387; x_wconf 87' lang='lat' dir='ltr'>distinction</span> <span class='ocrx_word' id='word_1_438' title='bbox 581 4332 614 4387; x_wconf 79' lang='lat' dir='ltr'>ot</span> <span class='ocrx_word' id='word_1_439' title='bbox 631 4334 698 4387; x_wconf 79' lang='lat' dir='ltr'>Low</span> <span class='ocrx_word' id='word_1_440' title='bbox 715 4334 746 4387; x_wconf 90' lang='lat' dir='ltr'>in</span> <span class='ocrx_word' id='word_1_441' title='bbox 762 4333 818 4389; x_wconf 91' lang='lat' dir='ltr'>this</span> <span class='ocrx_word' id='word_1_442' title='bbox 837 4334 952 4404; x_wconf 81' lang='lat' dir='ltr'>general</span> <span class='ocrx_word' id='word_1_443' title='bbox 970 4351 1059 4400; x_wconf 91' lang='lat' dir='ltr'>senso,</span> <span class='ocrx_word' id='word_1_444' title='bbox 1080 4334 1104 4389; x_wconf 90' lang='lat' dir='ltr'>is</span> <span class='ocrx_word' id='word_1_445' title='bbox 1127 4333 1191 4388; x_wconf 81' lang='lat' dir='ltr'>thet</span> <span class='ocrx_word' id='word_1_446' title='bbox 1207 4302 1375 4630; x_wconf 76' lang='lat' dir='ltr'>cil</span> 
     </span>
     <span class='ocr_line' id='line_1_45' title="bbox 138 4417 1240 4493; baseline -0.002 -18"><span class='ocrx_word' id='word_1_447' title='bbox 138 4417 282 4485; x_wconf 77' lang='lat' dir='ltr'>Aristotls,</span> <span class='ocrx_word' id='word_1_448' title='bbox 296 4418 357 4476; x_wconf 90' lang='lat' dir='ltr'>into</span> <span class='ocrx_word' id='word_1_449' title='bbox 370 4417 491 4475; x_wconf 70' lang='lat' dir='ltr'>Natural</span> <span class='ocrx_word' id='word_1_450' title='bbox 506 4418 582 4485; x_wconf 77' lang='lat' dir='ltr'>heu,</span> <span class='ocrx_word' id='word_1_451' title='bbox 596 4417 653 4474; x_wconf 88' lang='lat' dir='ltr'>sud</span> <span class='ocrx_word' id='word_1_452' title='bbox 665 4419 824 4493; x_wconf 77' lang='lat' dir='ltr'>Voluntury</span> <span class='ocrx_word' id='word_1_453' title='bbox 835 4435 868 4475; x_wconf 93' lang='lat' dir='ltr'>or</span> <span class='ocrx_word' id='word_1_454' title='bbox 878 4420 966 4492; x_wconf 85' lang='lat' dir='ltr'>Legul</span> <span class='ocrx_word' id='word_1_455' title='bbox 979 4421 1046 4474; x_wconf 81' lang='lat' dir='ltr'>Luw</span> <span class='ocrx_word' id='word_1_456' title='bbox 1060 4417 1104 4488; x_wconf 92' lang='lat' dir='ltr'>[or</span> <span class='ocrx_word' id='word_1_457' title='bbox 1115 4417 1240 4475; x_wconf 83' lang='lat' dir='ltr'>Positire</span> 
     </span>
    </p>
   </div>
   <div class='ocr_carea' id='block_1_6' title="bbox 0 0 1452 4906">
    <p class='ocr_par' dir='ltr' id='par_1_12' title="bbox 0 0 1452 4906">
     <span class='ocr_line' id='line_1_46' title="bbox 0 0 1452 4906; baseline 0 0"><span class='ocrx_word' id='word_1_458' title='bbox 0 0 1452 4906; x_wconf 95' lang='lat' dir='ltr'> </span> 
     </span>
    </p>
   </div>
  </div>
 </body>
</html>
