2866 4906
222 198 285 263 282
468 206 522 262 DE
543 205 832 263 DERELIOTIONE
853 205 1084 270 PRAESUMTA,
1191 194 1267 280 [Lm.
1278 203 1321 259 11.

221 371 276 438 tis:
302 394 375 437 nam
395 365 472 439 ‘non
496 393 593 460 agere
615 370 788 447 nescientis,
814 379 902 437 earet
927 370 1057 447 effeetu;
1083 377 1117 435 et
1140 369 1203 435 alia
1227 390 1324 435 eausa

221 493 291 537 oum
307 481 448 560 apparet,
465 481 564 537 cessat
580 471 756 557 conjectura
772 469 945 536 voluntatis

297 571 354 638 Vl.
401 573 447 638 Ut
472 571 538 636 haec
563 569 659 660 igitur
681 570 742 635 duo
765 569 902 636 adfuisse
923 576 1118 645 censeantur,
1140 569 1266 638 ²valent
1287 579 1323 638 et

222 670 293 736 alite
317 671 520 757 conjecture:
547 670 603 736 sed
628 669 775 756 temporis
797 669 830 734 in
854 677 1021 755 utrumque
1046 689 1161 757 magna
1189 669 1238 735 ris
1262 680 1321 738 est.

223 770 306 836 Nam
327 769 461 857 primurn
485 769 552 835 fieri
567 768 621 834 vix
643 778 755 856 potest,
778 778 815 835 ut
839 769 935 834 multo
960 776 1102 855 tempore
1125 789 1177 834 res
1198 770 1241 835 ad
1264 771 1323 836 ali·

223 889 315 955 quern
342 869 501 956 pertinens
525 890 588 933 non
611 868 717 955 aliqua
745 867 797 934 ria
821 867 862 933 ad
886 867 953 953 ejus
981 867 1123 933 notitiam
1145 870 1321 955 perveniat,

223 990 293 1034 oum
309 969 422 1036 multas
438 961 504 1056 ejus
526 967 699 1034 occasiones
718 967 931 1034 subministret
950 975 1081 1053 tempus.
1134 967 1223 1033 Inter
1238 991 1323 1056 pras·

222 1077 326 1134 sentes
351 1076 457 1135 tamen
481 1066 581 1133 miuus
609 1068 759 1154 temporis
784 1066 918 1154 spatium
941 1068 982 1132 ad
1006 1067 1087 1132 hano
1110 1065 1322 1154 conjecturam

222 1166 342 1247 sufficit,
366 1190 458 1255 quam
473 1167 724 1242 interabsentes,
742 1166 833 1233 etiam
851 1165 986 1253 seposita
1001 1165 1071 1253 lege
1087 1165 1179 1232 civili.
1219 1167 1272 1234 Sic
1287 1177 1322 1236 et

222 1264 361 1333 incussus
384 1267 480 1334 semel
507 1276 609 1334 metus
637 1267 751 1332 durare
775 1264 900 1353 quidem
928 1264 1067 1330 nonnihil
1091 1265 1239 1343 creditur,
1264 1268 1321 1334 sed

223 1387 285 1431 non
318 1375 478 1454 perpetuo,
512 1389 581 1433 oum
610 1374 733 1452 tempus
763 1367 891 1454 longum
919 1365 1032 1431 multas
1058 1365 1232 1431 occasiones
1264 1367 1322 1433 ad-

223 1487 331 1531 versus
353 1476 469 1532 metum
496 1466 554 1532 sibi
583 1465 770 1544 consulendi,
797 1486 855 1553 per
879 1486 923 1541 se,
946 1464 997 1530 vel
1023 1486 1081 1551 per
1106 1465 1184 1530 alios
1208 1488 1322 1554 suppe-

222 1563 312 1641 ditet,
339 1565 432 1631 etiam
448 1565 589 1631 exeundo
612 1565 689 1630 fines
713 1564 855 1652 ejusqui
878 1564 1036 1641 metuitur,
1059 1564 1168 1629 saltem
1191 1574 1228 1631 nt
1247 1588 1323 1652 pro-

222 1663 348 1730 testatio
373 1665 413 1731 de
437 1664 511 1751 jure
541 1664 605 1742 liat,
632 1673 696 1741 aut,
726 1664 809 1751 quod
836 1663 940 1752 potius
966 1671 1024 1740 est,
1054 1663 1096 1728 ad
1117 1663 1239 1749 judices
1264 1675 1322 1733 aut

222 1762 358 1829 arbitros
381 1771 576 1850 provocetur.

59 1876 210 1971 hm&
298 1863 374 1928 VII.
422 1863 504 1940 Quia
520 1885 596 1928 vero
613 1866 755 1949 sstempus
779 1862 958 1930 memoriam
982 1865 1135 1930 excedens
1160 1862 1247 1949 qnasi
1273 1862 1323 1928 in-

60 1968 208 2061 ggggffffi
223 1960 343 2026 finitum
358 1970 406 2028 est
422 1962 591 2040 moraliter,
608 1963 678 2029 ideo
693 1963 760 2050 ejus
771 1963 921 2051 temporis
935 1964 1090 2029 silentium
1107 1965 1151 2030 ad
1166 1962 1214 2027 rei
1228 1963 1320 2030 dere-

265 2137 343 2184 ‘Non
352 2153 423 2199 ngare
431 2137 560 2196 mutarn,
576 2143 640 2185 roret
656 2136 745 2198 gibau]
795 2137 820 2183 in
831 2137 902 2184 Notis
912 2137 982 2184 alteri
989 2138 1095 2183 Editioni
1104 2138 1210 2198 adjectis,
1222 2138 1321 2188 Libat.

221 2213 284 2260 Vide
300 2213 364 2260 infra
380 2215 426 2260 hoe
441 2214 512 2270 libro,
534 2228 587 2274 esp.
604 2214 652 2261 xxi.
676 2213 744 2273 511.
795 2226 848 2272 cap.
864 2214 905 2259 xii.
930 2213 983 2273 ξε.
1014 2213 1103 2260 'sotum
1119 2214 1179 2261 illud
1196 2215 1278 2275 Caput
1295 2218 1322 2262 in

221 2290 292 2336 Adde
322 2291 342 2335 si
367 2294 437 2336 vacat
463 2291 536 2337 Bari.
562 2290 616 2336 Soc.
647 2289 746 2335 consilio
794 2288 857 2333 hano
866 2302 917 2334 rem
927 2289 1030 2335 conferri
1040 2293 1127 2349 potest.
1156 2290 1226 2337 J.B.

220 2365 460 2412 ornavisset&
490 2365 666 2411 Meisehnerum
681 2364 745 2410 deei-
839 2363 1250 2426 sTempusmemor-inmeccedm]
1266 2366 1323 2413 Aa.

219 2438 286 2487 sions
296 2439 415 2486 Cnmerali
425 2453 464 2486 rx.
474 2454 497 2487 n.
509 2442 560 2487 113.
578 2441 648 2487 Tem.
659 2453 700 2485 111.
795 2437 864 2484 dress
874 2437 954 2483 Knich
969 2438 994 2482 in
1005 2442 1111 2484 mtatu
1121 2439 1151 2484 de
1157 2438 1214 2498 Jure
1222 2441 1322 2488 territo·

264 2512 345 2558 ’Non
368 2519 418 2559 tarn
440 2527 470 2558 ex
490 2514 644 2559 derelictione
665 2513 744 2569 tacita,
794 2510 831 2558 rii.
863 2511 993 2571 Beinldng.
1010 2511 1321 2575 1.ib.1.01moo.oap.ii.

220 2586 287 2646 cujus
294 2588 433 2645 presumtio
441 2588 498 2634 satis
506 2588 574 2633 firma
581 2587 744 2646 utplurimum
794 2601 819 2634 n.
830 2589 855 2635 b.
886 2587 1035 2647 Oldendorp.
1045 2588 1119 2634 classe
1128 2589 1161 2635 iii.
1171 2594 1218 2636 art.
1227 2593 1249 2637 2.

219 2673 268 2706 non
292 2661 369 2718 adest,
389 2677 462 2722 quam
477 2677 508 2708 ex
523 2664 579 2722 jure
600 2663 745 2708 Possessoris
839 2659 1322 2713 hNisiorrlt'disst'rnaectistirrcoutruriunr

219 2735 288 2780 bonan
305 2736 361 2782 fidei
372 2741 397 2782 et
410 2738 463 2796 ipso
473 2737 521 2783 fine
531 2737 637 2783 Dominii
655 2736 744 2783 eonsti-
793 2735 908 2796 reticeres]
925 2737 1066 2783 Menochins
1075 2750 1092 2783 1.
1108 2751 1173 2784 oons.
1184 2754 1223 2787 xo.

218 2811 274 2866 tuti,
289 2812 470 2858 fundamentum
477 2813 538 2872 juris
547 2813 616 2858 istius
626 2811 745 2858 deducen-
838 2811 1003 2871 1ΝωιρΙανιε
1019 2812 1080 2858 idem
1098 2812 1156 2872 erre]
1178 2813 1269 2860 Balbus
1289 2816 1322 2862 de

219 2885 276 2930 dum
294 2900 353 2944 esse,
376 2888 523 2932 ostendimus
540 2888 572 2932 ad
586 2887 744 2932 Pnrrnnoa-
793 2887 1045 2946 prascriptionibusid
1056 2887 1154 2943 notarit,
1165 2889 1321 2936 otineodem

218 2970 285 3003 rrum
305 2963 421 3015 nostrum,
436 2958 626 3006 perurentes.
642 2963 664 3005 et
676 2959 744 3007 Geni.
794 2966 938 3020 argumento
950 2960 1114 3008 Covarruvias.
1135 2962 1322 3022 Reinkingdic-

218 3214 376 3284 ignorante,
394 3209 444 3264 has
466 3225 503 3263 no
522 3209 621 3275 effect;
642 3209 699 3263 and
716 3208 797 3263 when
815 3207 896 3264 there
920 3210 944 3264 is
966 3209 1087 3265 another
1107 3226 1190 3265 cause
1213 3209 1320 3267 known

217 3298 308 3354 which
321 3298 472 3352 influences
487 3296 536 3350 tho
550 3295 614 3360 will,
627 3297 787 3366 conjecture
801 3313 832 3350 as
843 3301 872 3350 to
888 3295 962 3350 what
973 3298 996 3350 it
1008 3298 1030 3350 is
1043 3312 1144 3351 cesses.

272 3386 322 3439 VI.
360 3385 402 3438 To
417 3382 549 3438 establish
569 3381 619 3436 the
636 3383 810 3453 assumption
830 3383 863 3436 of
883 3382 963 3436 these
982 3389 1036 3437 two
1051 3383 1217 3445 conditione,
1236 3382 1321 3439 other

219 3473 393 3540 conjectures
405 3486 454 3524 are
468 3469 501 3524 of
511 3468 603 3523 soree:
627 3469 679 3522 but
691 3468 737 3522 for
751 3468 800 3522 the
814 3473 887 3522 most
899 3475 971 3538 part,
985 3468 1035 3522 the
1050 3468 1133 3523 effect
1150 3469 1183 3523 of
1196 3469 1273 3534 time,
1288 3470 1321 3525 in

219 3555 289 3610 both
303 3556 405 3626 points,
420 3556 444 3609 is
460 3562 548 3625 great.
597 3554 652 3608 For
672 3555 702 3607 in
719 3553 769 3608 the
787 3554 848 3609 first
865 3554 955 3625 place,
979 3554 1002 3608 it
1020 3570 1072 3609 can
1090 3553 1191 3626 hardly
1205 3554 1321 3626 huppen

219 3640 283 3696 that
297 3642 326 3693 in
341 3657 358 3693 a
372 3640 438 3709 long
453 3641 529 3702 time,
541 3657 559 3693 a
573 3639 654 3710 thing
665 3640 823 3711 pertaining
835 3647 865 3694 to
881 3657 936 3711 any
950 3656 1004 3695 one
1016 3639 1118 3694 should
1132 3647 1183 3695 not
1198 3657 1276 3695 come
1288 3647 1320 3696 to

220 3725 263 3780 his
274 3725 445 3794 knowledge,
459 3726 536 3780 since
544 3727 612 3779 time
626 3726 750 3796 supplies
759 3742 842 3796 many
853 3726 1002 3780 occasions.
1027 3724 1091 3779 And
1102 3725 1239 3781 ashorter
1250 3727 1321 3783 time

220 3812 244 3865 is
258 3811 395 3865 sufficient
415 3810 460 3864 for
473 3809 529 3864 thie
546 3827 667 3882 purpose
687 3812 717 3865 iu
735 3828 752 3865 a
767 3828 830 3866 osse
844 3812 969 3866 between
982 3828 1097 3883 persons
1112 3818 1234 3882 present,
1249 3810 1321 3867 thau

220 3898 328 3957 absent,
347 3912 417 3950 even
436 3896 552 3950 without
569 3896 707 3966 referring
726 3902 756 3951 to
777 3897 825 3951 the
847 3898 916 3951 civil
935 3899 1009 3952 Law.
1049 3899 1087 3951 So
1102 3896 1164 3951 sear
1178 3914 1248 3952 onoo
1266 3899 1321 3952 im-

220 3982 334 4055 pressed
347 3982 369 4034 is
385 3981 555 4036 understood
567 3988 596 4036 to
611 3983 665 4037 last
677 3983 722 4036 for
733 4000 752 4035 a
763 3983 870 4036 certain
882 3984 958 4047 time,
970 3984 1021 4037 but
1033 3988 1083 4038 not
1094 3983 1140 4037 for
1154 4000 1227 4047 ever,
1242 3985 1322 4039 since

220 4085 239 4123 a
260 4069 327 4139 long
349 4067 417 4121 time
440 4066 543 4121 affords
564 4084 649 4139 many
667 4069 808 4122 occasions
829 4069 863 4123 of
878 4070 975 4139 taking
995 4069 1110 4123 counsel
1134 4070 1243 4139 against
1269 4069 1322 4124 tho

220 4155 335 4225 danger,
358 4151 449 4208 either
471 4152 509 4223 by
529 4153 604 4206 one’s
623 4170 684 4207 own
704 4171 799 4209 means
821 4171 854 4209 or
874 4155 913 4226 by
932 4172 1027 4209 means
1049 4154 1082 4209 of
1100 4155 1210 4217 othersr
1232 4171 1264 4209 ns
1280 4154 1321 4227 by

220 4243 305 4313 going
319 4245 369 4295 out
381 4238 414 4293 oi
422 4237 471 4293 the
486 4238 594 4292 bounde
606 4238 639 4292 of
651 4238 699 4293 tho
709 4240 852 4311 authority
863 4241 896 4295 of
903 4240 961 4294 him
973 4241 1035 4295 who
1047 4241 1163 4312 inspires
1178 4241 1227 4295 tho
1241 4240 1322 4307 fear3

219 4344 254 4383 or
268 4334 298 4383 at
310 4327 389 4390 least,
403 4326 427 4380 it
441 4324 543 4379 affords
559 4325 608 4380 the
623 4341 718 4380 means
733 4325 766 4380 oi
782 4328 922 4398 renewing
937 4344 989 4383 our
1003 4327 1080 4398 right
1094 4327 1131 4398 by
1145 4333 1264 4398 protest,
1278 4345 1324 4392 or,
