2866 4906
519 473 929 574 LEOTURIm

426 679 544 737 HANG
577 681 736 739 Novum
768 684 1021 745 EDITIONEM

659 861 688 918 fl.
700 863 734 918 P.
745 864 783 919 D.

324 1025 593 1112 JOANNES
638 1029 1116 1124 BARBEYRACIUS.

559 1256 859 1270 t———n

204 1428 309 1494 UUM
329 1427 362 1492 in
376 1448 414 1492 eo
431 1435 534 1494 essent
550 1426 732 1515 Bibliopoloe
753 1427 963 1508 sollertissimi,
990 1437 1026 1497 ut
1042 1429 1185 1497 eximium
1208 1431 1293 1500 istud

230 1528 331 1614 Opus,
359 1525 472 1614 saepiue
499 1548 639 1592 recusum
666 1535 700 1592 et
726 1528 946 1605 recudendum,
976 1531 1062 1617 typis
1088 1531 1151 1597 suis
1177 1532 1292 1599 iterum

136 1627 384 1702 committerent;
409 1647 446 1690 ac
468 1625 501 1690 in
517 1647 555 1690 eo
572 1625 772 1693 emaculando
788 1636 821 1693 et
837 1627 1071 1715 interpretando
1095 1652 1157 1696 non
1179 1654 1291 1718 parum

138 1748 241 1813 operae
268 1748 289 1790 a
311 1748 362 1791 me
383 1725 517 1812 positum
542 1747 610 1791 esse
633 1724 875 1794 inaudivissent:
900 1750 1020 1794 mecum
1041 1729 1125 1796 ultro
1146 1741 1290 1819 egerunt,

137 1838 174 1891 ut
193 1825 394 1912 suppeditare
416 1824 536 1900 sellem,
563 1824 589 1890 si
614 1824 688 1911 quid
712 1825 754 1891 ad
779 1848 889 1892 novam
915 1827 1093 1894 Editionem
1119 1830 1291 1897 ornandam

139 1925 282 1991 conferre
304 1924 497 1990 commodum
522 1932 613 1990 esset·
664 1925 790 1990 Lubens
816 1927 977 2012 amplexus
1003 1950 1071 1993 sum
1100 1929 1290 1996 occasionem

137 2025 273 2092 obhtam
294 2024 335 2090 de
355 2023 415 2088 illis
438 2023 682 2098 benemerendi,
708 2024 761 2111 qui
777 2026 837 2090 Jus
851 2027 982 2092 Naturae
1000 2036 1033 2092 et
1052 2028 1207 2107 Gentium,
1230 2051 1292 2116 pro

136 2125 247 2191 merito
263 2123 331 2211 ejus
347 2145 463 2209 suaque
480 2123 616 2209 ipsorum
640 2122 783 2200 utilitate,
808 2125 1046 2211 amplectuntur,
1070 2127 1209 2213 adeoque
1226 2151 1289 2194 non

136 2232 265 2311 possunt
280 2244 343 2288 non
359 2221 485 2287 maximi
503 2221 608 2287 fecere
623 2222 792 2287 Auctorem
811 2233 960 2301 nostrum,
986 2225 1194 2291 nobillissimae
1211 2227 1289 2295 artis

137 2325 223 2411 qnasi
237 2331 409 2411 parentem.
462 2321 508 2387 Et
523 2341 708 2407 quamquam
726 2321 831 2407 paullo
847 2322 917 2407 plus
933 2324 1081 2409 temporis
1104 2325 1179 2388 mihi
1196 2326 1290 2391 relin-

136 2425 197 2509 qui,
222 2445 316 2510 quam
338 2421 483 2486 ferebant
504 2419 640 2486 rationes
666 2420 960 2507 Typographorum,
990 2421 1083 2487 valde
1112 2432 1287 2508 optassem:

136 2533 239 2589 tamen
256 2523 306 2587 vel
328 2521 371 2587 sio
392 2542 430 2585 ea
445 2528 596 2605 prestare
619 2541 668 2584 me
691 2540 782 2605 posse
801 2519 984 2596 existimavi,
1011 2521 1050 2586 de
1068 2522 1179 2608 quibus
1195 2525 1289 2589 susci-

135 2622 255 2709 piendis
270 2642 362 2687 nemo
379 2621 537 2697 hactenus,
555 2618 637 2704 qnod
656 2618 760 2697 sciam,
778 2619 860 2684 serio
876 2620 1078 2709 cogitaverat
1125 2623 1206 2687 Rem
1224 2645 1288 2690 om·

135 2746 204 2789 nem
221 2721 327 2810 paucis
341 2719 454 2807 accipe.

207 2823 293 2887 Dum
311 2821 351 2886 ab
367 2819 485 2905 aliquot
500 2816 598 2894 annu,
615 2819 805 2898 Lousonna
820 2817 923 2885 adhuc
939 2817 1066 2907 degens,
1092 2821 1125 2886 in
1142 2844 1179 2888 eo
1202 2831 1287 2891 totus

135 2945 229 2998 eram,
246 2931 283 2988 ut
299 2920 412 2985 Libros
430 2919 522 2984 hosce
542 2919 594 2982 De
610 2919 692 2983 Jare
708 2920 799 2984 Belli
815 2941 856 2983 ae
869 2921 976 2984 Pacis
997 2919 1029 2983 in
1056 2920 1205 2987 Gallicam
1229 2924 1286 2988 lin·

134 3045 226 3111 guam
244 3029 410 3095 verterem,
433 3027 466 3083 et
481 3015 573 3082 Notis
590 3016 747 3104 perpetuis
769 3017 968 3094 illustrarem,
990 3017 1032 3083 ad
1049 3041 1120 3084 enm
1137 3021 1204 3086 fere
1222 3043 1286 3087 mo·

133 3122 215 3198 dum,
234 3143 296 3208 quo
313 3119 416 3185 adfine
433 3119 520 3205 Opus
542 3118 706 3181 Samunms
721 3118 951 3182 Possunoasu
975 3119 1126 3186 Dolore
1141 3123 1286 3188 Naturae

134 3234 162 3288 et
189 3223 354 3296 Gauium,
381 3217 451 3304 plus
473 3215 602 3303 simplici
624 3215 700 3294 vice,
719 3216 787 3303 jam
808 3216 840 3281 in
864 3216 1021 3303 publicum
1043 3218 1150 3284 emisi:
1180 3242 1285 3287 neces·

133 3322 247 3386 sarium
270 3318 346 3384 mihi
367 3317 561 3402 aliquatenus
582 3315 681 3381 visum
704 3325 761 3391 est,
787 3315 981 3381 utilissimum
1005 3315 1115 3383 saltem
1143 3317 1284 3387 instituto

133 3442 201 3485 meo
224 3418 343 3485 felicius
365 3415 561 3503 perficiendo,
586 3424 708 3481 veteres
724 3415 885 3480 Editiones
903 3413 1046 3480 Gratiani
1072 3415 1189 3505 scripti,
1212 3440 1284 3506 qua*

132 3518 305 3605 praesertim
322 3518 393 3599 siro
411 3516 546 3580 Auctore
562 3514 661 3579 lucem
678 3515 832 3591 viderunt,
856 3512 931 3578 mihi
949 3535 1139 3601 comparare,
1162 3527 1194 3584 et
1214 3541 1284 3585 cum

131 3617 311 3693 novissimis,
338 3638 409 3704 qnae
433 3615 507 3681 solae
531 3613 667 3678 omnium
692 3614 834 3679 manibus
858 3621 1012 3690 teruntur,
1038 3615 1187 3683 adcurate
1212 3641 1284 3684 oon-

131 3719 224 3784 ferre.
277 3716 434 3782 Nimirum
450 3714 562 3800 saepius
579 3713 830 3790 observaveram
849 3712 999 3799 ejusmodi
1013 3714 1189 3793 Librorum,
1207 3738 1284 3803 quo-

131 3841 199 3883 rnm
226 3838 301 3883 usus
330 3824 364 3882 et
390 3814 524 3902 pretium
554 3811 699 3899 postulat,
732 3821 768 3878 ut
793 3812 961 3878 identidem
995 3814 1137 3900 repetitis
1165 3817 1284 3884 vicibus

131 3918 229 4004 praeln
249 3922 425 3997 exerceant,
448 3911 609 3978 Editiones
633 3911 757 3977 ultimas
779 3912 879 3977 minus
900 3934 937 3976 eo
959 3912 1059 3978 minus
1084 3923 1184 3981 tersas
1208 3939 1283 4002 pur·

130 4028 281 4106 gatasqne
296 4014 423 4104 prodire
440 4012 667 4101 utplurimum:
685 4020 806 4078 tantum
817 4013 906 4078 abest
922 4019 958 4078 ut
970 4011 1032 4079 sint
1044 4014 1281 4098 emendatiores,

174 4264 181 4296 ¹
197 4266 313 4316 haletin
323 4265 430 4314 Editoris
438 4266 462 4314 in
474 4266 578 4328 priorem
588 4263 725 4314 Edittonsm
736 4265 803 4313 Anni
813 4266 881 4314 1720.
912 4263 958 4312 Cui
975 4261 1101 4323 subjicitur
1116 4258 1235 4306 monitum
1251 4259 1283 4308 de

131 4342 233 4392 'editions
247 4343 394 4405 posteriore.
