2866 4906
1292 33 1308 159 l

247 222 312 288 386
494 234 546 288 ΒΕ
568 231 844 297 AGQUISITIONE
866 233 1113 300 DERIVATIVA,
1222 186 1353 302 [leranI.

84 398 182 441 Μ’·
192 399 221 440 ¹⁰·
248 397 300 463 Sic
316 397 463 484 Euphaes
475 398 548 463 Rex
564 396 726 464 Mesenis
741 396 882 483 permisit
895 394 1066 484 ⁷dispicere
1082 418 1174 483 qoem
1192 419 1234 463 ex
1250 398 1355 486 regali

246 496 473 584 AEpytidarum
504 517 621 585 genere
647 517 783 584 regnare
815 504 995 583 oporteret:
1028 503 1062 562 et
1095 496 1136 561 de
1166 495 1285 561 Xerxis
1320 505 1354 563 et

82 617 195 705 mehe.
247 595 453 662 Artabaaenis
469 594 680 661 controversia
696 593 827 681 populus
844 594 997 682 cognovit

82 710 223 795 eng-rrae
323 695 479 760 XXVIII.
531 694 577 759 Ut
603 693 645 758 ad
669 693 732 758 alie
758 691 928 770 veniamus,
959 691 1055 757 filium
1079 690 1134 778 qui
1158 700 1235 758 ante
1260 692 1353 781 regni

83 768 216 886 llpfffl
248 792 445 879 adeptionem
461 800 553 858 natus
575 800 633 867 est,
650 790 683 856 in
707 812 806 878 regno
826 790 986 857 individuo
1002 790 1234 877 praeferendum
1252 791 1282 857 ei
1299 792 1353 878 qui

179 892 235 941 ,sn
248 891 280 957 in
297 890 387 979 regia
402 890 529 958 fortune
549 899 641 955 natus
657 897 715 965 est,
732 888 765 953 in
782 889 892 975 quavis
908 888 1105 955 successionis
1120 889 1224 975 speeie
1241 911 1353 955 rernm

248 997 304 1055 est.
355 990 438 1054 Nam
454 990 487 1054 in
503 1011 602 1078 regno
627 987 753 1054 dividuo
777 987 862 1053 haud
885 988 978 1054 dubie
1000 995 1122 1075 partem
1147 987 1242 1065 feret,
1259 996 1298 1054 ut
1320 988 1354 1053 in

248 1088 336 1155 bonis
362 1088 482 1166 ceteris,
508 1087 676 1173 inquibus
700 1108 858 1172 nunquam
889 1086 1089 1174 distinguitur
1116 1107 1179 1173 quo
1208 1094 1354 1172 tempore

248 1186 312 1253 sint
327 1187 465 1273 quaesite.
519 1186 581 1265 Qui
603 1194 708 1251 auten
733 1193 855 1271 partem
877 1184 977 1250 ferret
1001 1184 1034 1249 in
1049 1184 1186 1261 dividuo,
1205 1192 1239 1251 et
1254 1185 1289 1249 in
1305 1185 1352 1250 in·

250 1285 375 1351 dividuo
393 1285 494 1351 estatis
508 1283 671 1372 privilegio
688 1283 876 1370 praefertur:
902 1304 999 1369 quere
1016 1290 1049 1348 et
1064 1282 1190 1349 seudum
1208 1283 1353 1370 sequitur

248 1383 354 1460 filium,
383 1383 537 1471 quiante
563 1382 695 1470 primam
723 1381 906 1448 vestituram
932 1390 1024 1448 netes
1051 1390 1108 1448 est
1157 1381 1221 1446 Sed
1255 1390 1291 1448 et
1320 1383 1353 1447 in

248 1482 352 1548 lineali
377 1482 566 1548 successione
593 1480 684 1545 simul
713 1489 807 1566 atque
833 1502 966 1569 regnum
993 1480 1157 1567 quesitum
1186 1490 1246 1558 est,
1281 1502 1354 1568 spes

249 1579 353 1666 eliqua
369 1589 462 1667 parte
478 1588 527 1646 est
543 1580 648 1645 liberis
663 1587 737 1645 ante
753 1578 854 1645 netis:
880 1601 951 1645 nam
972 1578 1023 1644 fec
1038 1579 1115 1644 alios
1132 1587 1244 1667 postea
1260 1589 1353 1646 natos

248 1700 312 1744 non
338 1700 415 1754 esec,
443 1699 533 1743 nemo
568 1678 654 1764 prius
680 1686 770 1743 natos
801 1677 1009 1744 excludendos
1042 1677 1165 1744 dixerit
1218 1678 1259 1743 In
1293 1679 1353 1744 hoo

249 1784 353 1843 autom
380 1797 497 1864 genere
518 1775 715 1841 successionis
738 1797 809 1863 spes
832 1777 929 1842 semel
953 1784 1045 1863 perte
1065 1776 1118 1863 jue
1133 1775 1218 1853 facit,
1235 1798 1297 1843 nec
1313 1798 1354 1843 ex

293 1946 304 1977 ⁷
319 1948 359 1994 Ite
377 1947 474 2006 quidem
494 1946 619 2006 Interpres
634 1946 774 1995 PausanIae':
822 1948 876 1994 heIc
886 1947 1065 2005 κατελείπετο,
1074 1948 1110 1995 Ite
1124 1948 1233 1995 λειτετο
1248 1950 1355 1997 sumitur

250 2022 356 2082 Reqnem
367 2020 454 2081 populi
470 2020 572 2066 arbitrie
588 2020 713 2080 permitit:
732 2021 775 2067 sed
823 2023 887 2083 apud
898 2022 1242 2085 Polybium‚Lib.v1.cep.54.
1259 2026 1354 2073 Eodem

248 2096 314 2142 eliud
339 2096 425 2142 Graeea
451 2094 602 2155 significant:
631 2096 730 2152 Εὐφαεῖ
749 2095 776 2141 ιι
823 2110 896 2144 senen
912 2101 951 2143 est
969 2098 1035 2157 apud
1054 2098 1205 2158 Epictetum,
1219 2098 1354 2148 Baetem.

249 2175 292 2219 οὐκ
302 2171 562 2227 ὄντωνταιδίων,τόν
578 2170 708 2230 αἱρεθέντα
725 2170 774 2216 ὑπὸ
823 2185 876 2231 cap.
892 2172 930 2218 73.
947 2171 1121 2218 ἀπολείπεται
1140 2172 1205 2232 (cap.
1223 2174 1264 2222 46.
1281 2174 1353 2223 Edit.

247 2248 294 2293 τοῦ
309 2246 384 2306 δήμου
399 2245 570 2292 κατελείπετο
586 2244 654 2303 ἔχειν
668 2244 716 2298 τήν
730 2243 775 2303 α’ρ-
822 2244 946 2303 Meibmn.)
969 2244 1039 2293 M.

249 2321 306 2382 χήν.
339 2320 416 2380 Quem
440 2318 555 2379 Euphce's
582 2319 659 2364 nullos
680 2318 776 2365 heberet
866 2328 878 2352 ²
891 2318 927 2365 Et
944 2319 1067 2379 Areieum]
1084 2319 1131 2367 Oui
1149 2334 1239 2368 nomen
1260 2322 1356 2369 fuctum

248 2396 343 2451 liberor,
358 2393 535 2454 relinquebatur
549 2397 575 2438 ut
589 2392 631 2438 e'lle
645 2392 776 2440 succederet
823 2392 953 2439 Artaxerxi
965 2394 1098 2443 Mnemoni.
1119 2394 1183 2442 vide
1192 2395 1356 2445 Plutarchum

248 2468 274 2513 ln
284 2468 415 2527 imperium,
425 2467 467 2526 qut
477 2480 494 2512 α
503 2463 598 2523 Populo
613 2465 697 2510 electae
703 2465 775 2522 fietu·
822 2467 966 2513 Artaxerxe.

248 2546 365 2597 recesset,
375 2542 399 2586 id
415 2545 458 2595 est,
470 2554 498 2586 eo
512 2553 551 2584 res
566 2540 662 2584 omniuo
678 2539 775 2584 deveni·
867 2541 958 2588 ⁸Inter
975 2541 1080 2588 Ottonene
1094 2541 1199 2602 prim
1217 2546 1241 2588 et
1262 2543 1358 2591 Hmi-

249 2618 313 2662 ebet.
344 2616 378 2663 Ut
402 2615 503 2673 proinde
527 2614 612 2658 innunt
637 2613 775 2669 Pnusanius,
823 2615 885 2675 οιιοι]
908 2616 970 2662 vioe
990 2617 1035 2662 hac
1050 2617 1081 2662 de
1100 2630 1126 2663 re
1145 2617 1311 2676 sigebertum,
1329 2624 1356 2667 et

249 2690 369 2749 Populum
379 2702 447 2735 usum
459 2702 510 2734 esse
520 2701 563 2732 suo
570 2686 634 2746 jure,
652 2701 730 2747 neque
745 2703 775 2734 ex
824 2695 908 2736 notata
917 2691 948 2735 ed
958 2690 1044 2735 librum
1056 2703 1096 2738 m.
1112 2690 1261 2738 Wittileindi.
1281 2694 1355 2753 Beie-

249 2766 401 2813 eoneessione
413 2765 487 2823 Regis
500 2770 558 2809 tunc
572 2763 698 2822 regnantur
712 2763 775 2808 nrbI·
824 2769 896 2817 setes,
917 2770 942 2811 et
962 2765 1059 2821 Gemee,
1076 2765 1140 2811 inter
1156 2779 1183 2811 ee
1198 2767 1229 2811 de
1248 2767 1356 2814 aneieo

249 2840 322 2887 trium
338 2839 397 2885 illud
412 2843 508 2884 nactum
524 2851 584 2884 esse.
615 2837 738 2894 Ceterum,
748 2842 776 2882 ut
823 2852 898 2898 regno
909 2843 1045 2897 certarunt3
1059 2840 1135 2900 major
1145 2844 1205 2887 natu
1217 2840 1355 2902 Bajazetes·

248 3082 311 3138 that
322 3081 371 3136 the
382 3081 437 3134 will
450 3081 483 3135 of
492 3081 541 3136 the
555 3082 656 3153 people
668 3083 802 3155 formerly
813 3101 869 3138 wne
881 3084 1019 3148 different,
1033 3084 1090 3138 and
1102 3083 1194 3139 theta
1206 3084 1285 3156 right
1297 3104 1354 3142 was

248 3168 350 3223 thence
363 3167 503 3237 aequired.
539 3167 616 3221 Thus
628 3167 768 3238 Euphaes,
780 3186 810 3223 as
821 3170 897 3239 king,
909 3169 1061 3240 permitted
1072 3168 1122 3224 the
1133 3170 1311 3225 Messeniam
1323 3178 1354 3227 te

248 3254 404 3309 determine
416 3252 478 3307 who
494 3252 527 3306 of
538 3252 586 3307 the
598 3253 676 3323 royal
691 3252 789 3325 family
801 3254 833 3308 of
845 3254 893 3308 tho
905 3255 1051 3326 Egyptidee
1068 3254 1169 3310 should
1184 3255 1282 3326 reign;
1296 3257 1355 3312 and

249 3340 279 3393 in
291 3339 340 3394 the
353 3346 533 3410 controversy
544 3338 577 3392 of
588 3340 696 3392 Xerxes
709 3339 765 3392 and
777 3339 964 3394 Artabazanes
978 3340 1027 3394 tho
1041 3341 1143 3412 people
1155 3339 1284 3395 decided.

306 3424 446 3477 XXVIII.
483 3425 525 3478 To
541 3440 621 3478 come
636 3429 665 3478 ιο
684 3424 766 3478 other
781 3426 938 3494 questions;
958 3425 1021 3479 that
1035 3443 1053 3479 a
1064 3442 1114 3480 son
1129 3424 1191 3479 who
1206 3442 1263 3481 was
1279 3426 1355 3482 born

248 3508 347 3565 before
361 3509 404 3562 his
416 3509 531 3563 fatlrer's
543 3510 683 3564 acccssIon
699 3516 728 3563 to
743 3509 792 3563 the
808 3510 942 3580 kIngdom
957 3511 987 3574 is,
1003 3512 1031 3564 iu
1047 3526 1083 3565 eu
1096 3509 1256 3565 indivisIblo
1269 3511 1356 3584 king·

249 3597 325 3658 dom,
337 3600 366 3648 to
381 3595 417 3648 be
433 3595 578 3665 preferred
594 3602 623 3648 to
644 3611 698 3648 one
713 3594 784 3648 born
801 3594 902 3665 during
920 3595 969 3650 the
986 3597 1148 3668 enjoyment
1163 3594 1197 3650 of
1207 3611 1313 3667 power,
1329 3598 1354 3652 is

249 3686 314 3733 truo
334 3680 364 3732 in
383 3696 467 3750 orer)-
489 3680 562 3733 form
584 3679 617 3733 of
635 3681 800 3734 succession.
839 3680 873 3733 In
894 3698 912 3733 a
932 3681 1060 3736 dirisiblc
1082 3681 1216 3752 kIngdom
1237 3680 1276 3737 he
1295 3683 1356 3737 will

251 3763 393 3817 doubtlcss
408 3763 478 3818 liare
490 3764 533 3818 his
547 3764 644 3828 share;
662 3782 692 3818 as
707 3765 731 3818 is
745 3764 794 3819 the
805 3782 868 3819 caso
886 3765 951 3819 with
963 3765 1046 3821 other
1059 3772 1201 3838 properly,
1214 3767 1246 3821 in
1261 3766 1356 3823 which

249 3863 288 3901 no
300 3847 450 3902 dIfference
465 3850 487 3902 is
502 3866 568 3903 erer
578 3850 661 3904 made
673 3867 703 3904 as
713 3856 742 3903 to
755 3850 804 3904 the
819 3851 887 3904 time
899 3850 980 3905 when
995 3852 1017 3905 it
1031 3868 1086 3906 was
1101 3851 1243 3922 eequircd.
1282 3853 1356 3907 Now

250 3931 288 3987 he
299 3931 361 3985 who
374 3932 464 3985 would
477 3934 543 3986 take
557 3951 575 3987 a
592 3935 674 3989 share
686 3936 715 3988 in
728 3952 745 3988 a
759 3936 886 3989 dirisiblo
899 3935 1080 4000 inlreritonee,
1092 3937 1156 4000 will,
1167 3937 1198 3989 in
1212 3953 1231 3990 a
1248 3944 1357 3993 matter

251 4017 417 4080 indivisible
429 4016 465 4072 be
476 4017 620 4088 preferred
630 4036 666 4074 on
679 4020 728 4074 the
736 4021 846 4090 ground
858 4020 891 4074 of
899 4038 966 4092 age;
981 4022 1036 4075 end
1047 4022 1111 4076 thus
1123 4021 1172 4076 the
1182 4021 1236 4076 fles
1244 4022 1357 4078 follows

251 4104 302 4159 the
316 4119 367 4158 son
382 4102 443 4157 who
456 4120 510 4156 was
526 4102 597 4156 born
611 4104 710 4159 before
723 4106 894 4161 irwestiture.
926 4107 983 4160 But
1000 4108 1028 4160 in
1040 4124 1059 4160 a
1070 4123 1134 4161 cese
1146 4105 1179 4160 ef
1192 4107 1280 4162 linoal
1291 4125 1358 4163 οιιο·

252 4190 359 4244 cession
371 4189 439 4251 also,
450 4204 480 4242 as
493 4204 562 4241 soon
574 4204 604 4241 as
618 4189 667 4243 the
679 4190 812 4261 kingdom
825 4192 848 4245 is
861 4192 1001 4261 required,
1018 4192 1099 4246 thero
1114 4192 1137 4246 is
1149 4208 1228 4247 some
1241 4200 1358 4265 expect-

252 4290 323 4345 ancy
331 4275 414 4345 giren
424 4279 454 4328 ιο
468 4273 515 4327 the
527 4272 653 4327 children
665 4275 735 4328 born
747 4277 905 4347 previously
915 4296 922 4340 3
935 4278 979 4330 for
990 4294 1111 4348 suppose
1122 4276 1185 4331 thet
1195 4294 1274 4333 none
1283 4296 1359 4335 were

251 4359 324 4415 born
335 4359 506 4422 afterwards,
519 4357 633 4430 nobody
648 4360 703 4413 will
718 4376 767 4431 say
784 4361 847 4415 that
861 4362 911 4416 the
922 4360 1029 4418 former
1041 4362 1167 4417 children
1182 4379 1259 4419 were
1274 4372 1307 4420 to
1320 4364 1360 4420 be
