2866 4906
225 188 290 252 166
534 196 587 252 DE
609 194 733 252 BELLO
756 192 1011 250 SUBDITORUM
1215 187 1288 258 [Lrn.
1300 187 1325 243 1.

256 377 264 432 ζ
298 364 343 429 ΙΙ.
395 364 416 429 l
450 363 494 429 Et
513 361 698 428 naturaliter
721 359 846 448 quidem
869 381 975 425 omnes
995 358 1036 424 ad
1058 355 1225 422 arcendam
1248 376 1269 420 a
1292 378 1326 421 se

228 461 373 549 injuriam
391 461 445 548 jus
464 462 582 528 habent
597 460 771 537 resistendi,
795 468 830 526 ut
850 480 945 546 supra
965 457 1107 524 diximus.
1160 455 1225 521 Sed
1244 454 1326 523 civili

226 561 373 629 societate
389 561 431 627 ad
447 561 595 627 tuendam
611 560 765 648 publicam
780 558 1038 646 tranquillitatem
1050 554 1202 632 instituta,
1219 554 1326 621 statim

227 660 346 728 civitati
358 661 411 747 jus
427 661 583 747 quoddam
596 658 696 747 majus
711 659 745 725 in
760 681 817 725 nos
833 667 866 725 et
881 666 989 724 nostra
1005 655 1152 732 nascitur,
1172 662 1327 742 quatenus

228 760 269 827 ad
293 760 385 826 finem
400 760 488 826 illum
509 759 542 827 id
563 759 769 826 neceesarium
787 767 842 824 est
893 759 1003 827 Potest
1025 755 1123 846 igitur
1144 754 1253 822 civitas
1273 753 1327 841 jus

228 858 305 927 illud
332 859 497 927 resistendi
523 859 730 946 promiscuum
759 857 892 946 publicae
914 857 999 945 pacis
1026 864 1059 922 et
1088 854 1206 922 ordinis
1233 876 1328 921 causa

228 959 414 1046 prohibere:
439 961 483 1026 Et
502 959 577 1046 quin
598 959 741 1035 voluerit,
767 957 972 1027 dubitandum
987 963 1122 1032 nonest,
1148 977 1218 1021 cum
1234 953 1331 1020 aliter

228 1080 291 1125 non
321 1068 426 1146 posset
453 1059 546 1124 finem
573 1080 662 1125 suum
687 1057 852 1144 consequi:
888 1058 976 1123 ¹nam
1002 1056 1028 1122 si
1047 1062 1173 1121 maneat
1198 1053 1329 1141 promis·

127 1179 129 1183 ’
180 1177 183 1184 ’
229 1179 319 1224 cuum
335 1158 413 1225 illud
436 1158 601 1224 resistendi
620 1158 684 1244 jus,
710 1179 771 1223 non
791 1156 859 1244 jam
882 1155 1017 1223 civitatis
1030 1155 1101 1234 erit,
1124 1155 1181 1222 sed
1205 1152 1331 1220 dissoci-

61 1268 209 1357 poplppo·
229 1266 284 1324 ata
298 1257 474 1336 mmtitudo,
500 1256 600 1345 qualis
614 1257 669 1323 illa
686 1256 880 1346 Cyclopum:

707 1390 859 1463 Θεμιστεύει
875 1391 898 1447 d'
914 1391 1024 1450 ἕκαστος

532 1480 638 1536 naiton
651 1477 691 1548 ἧδ’
707 1477 819 1549 ἀλόχων.

704 1579 783 1635 Dant
797 1580 962 1650 conjugibus
972 1580 1020 1651 jus

534 1666 657 1738 Quisque
672 1667 729 1722 auis
743 1665 897 1736 sobolique.

64 1808 217 1896 ppo...
445 1781 1116 1933 ilititttltttitltt‘ssi..

66 2023 217 2067 murac
234 2005 276 2070 Et
311 2000 528 2091 Aboriginum,
568 2002 623 2090 qui
655 2001 800 2070 Sallustio
832 2001 987 2079 tradente,
1032 2022 1131 2091 genus
1172 1997 1331 2065 hominum

233 2111 369 2192 agreste,
386 2102 452 2168 sine
468 2101 601 2192 legibus,
618 2102 685 2168 sine
701 2102 841 2190 imperio,
858 2101 991 2167 liberum
1007 2109 1102 2186 atque
1118 2097 1272 2165 solutum:
1299 2106 1333 2165 et

66 2227 168 2322 figura
233 2203 318 2290 apud
335 2203 468 2268 eundem
484 2201 545 2268 alio
559 2201 626 2268 loco
644 2201 758 2280 Getuli,
785 2201 838 2288 qui
855 2222 955 2289 neque
971 2199 1119 2277 moribus,
1143 2219 1244 2286 neque
1260 2197 1332 2288 lege

234 2310 291 2368 aut
304 2301 434 2389 imperio
447 2301 628 2388 cujusquam
644 2301 845 2390 regebantur.

310 2403 332 2466 2
367 2401 427 2480 Ite,
454 2408 491 2466 ut
507 2400 582 2477 dixi,
607 2401 725 2466 habent
744 2412 846 2466 mores
870 2397 1007 2465 omnium
1023 2396 1202 2464 civitatum:
1230 2396 1333 2462 Gene-

67 2532 219 2581 cmura
234 2503 306 2566 ralc
320 2513 458 2586 paetum
477 2512 524 2566 cet
540 2503 705 2566 societatis
721 2503 881 2580 hemanea,
907 2497 1009 2585 inquit
1023 2496 1225 2587 Augustinus,
1246 2497 1332 2579 repi-

66 2624 215 2720 pffigpmc
235 2602 293 2667 buc
309 2602 445 2665 obedire.
497 2599 689 2686 AEschylus:

278 2756 505 2817 ¹Distingueudnm
517 2755 760 2814 helcinterinjnriac
808 2757 923 2818 postulat,
938 2761 1032 2804 tuntum
1048 2759 1117 2804 sbest
1132 2762 1161 2805 ut
1175 2761 1248 2806 vetet.
1279 2759 1335 2814 Qun

232 2833 318 2879 dubins
329 2837 372 2878 nat
386 2831 527 2887 tolerabiles,
538 2834 562 2876 et
578 2831 716 2890 manifestes
729 2846 759 2878 ec
808 2833 875 2879 dere
885 2834 979 2894 plenius
993 2835 1097 2880 dlccmus
1110 2834 1134 2879 iu
1146 2835 1235 2880 nostris
1245 2835 1275 2880 ad
1289 2836 1335 2882 hoc

231 2906 401 2953 intolerandus.
419 2905 480 2960 Qun
491 2903 576 2962 prioris
586 2905 681 2963 generis
693 2910 758 2960 sunt,
810 2907 891 2967 Caput
910 2906 982 2953 Notis
1000 2906 1107 2953 Gallicis.
1137 2907 1199 2954 Heic
1214 2910 1335 2956 monuisse

232 2994 272 3027 eas
292 2981 343 3040 pati
363 2979 464 3038 quisque
484 2978 565 3036 debat,
587 2991 635 3023 uon
658 2984 760 3038 propter
807 2981 917 3027 sufficiat.
947 2980 975 3026 J.
985 2981 1017 3028 B.

231 3053 376 3112 Principem,
397 3053 439 3111 qni
462 3064 493 3097 nc
516 3051 612 3110 quidem
636 3051 758 3097 minimam
852 3062 863 3088 ¹
879 3054 986 3116 Consiua
995 3054 1073 3110 turbu,
1083 3068 1147 3100 acmo
1160 3054 1201 3099 nbi
1211 3057 1280 3102 audit
1294 3072 1336 3104 ne-

231 3129 343 3189 injuriam
353 3127 471 3173 inferendi
478 3126 519 3187 jus
529 3127 609 3184 babet,
620 3128 663 3174 ssd
676 3141 707 3173 ne
719 3141 758 3174 so·
808 3128 900 3189 ωἰηαη]
922 3129 962 3176 Dc
975 3129 1101 3188 Bebryciis
1117 3129 1208 3175 cimilia
1223 3131 1342 3189 prodidit.

232 3203 305 3251 cistas
322 3202 397 3249 ciuilis
410 3203 529 3249 turbetur.
560 3202 703 3249 Posterioris
714 3218 758 3251 su·
808 3204 919 3252 Valerius
936 3205 1040 3266 (Argoa.
1051 3216 1085 3250 iv.
1097 3203 1169 3264 102);

231 3278 281 3321 tem
292 3273 387 3334 generis
403 3286 473 3320 neme
483 3270 533 3332 pati
549 3275 655 3328 tenetur,
671 3287 759 3334 easque
977 3311 1019 3340 non
1027 3301 1182 3350 mmmm

231 3349 433 3410 repellifinisipse
441 3348 564 3396 civium
574 3348 758 3396 wsstfituimm
808 3362 859 3404 Ulla
867 3363 944 3412 colunt,
953 3364 1043 3413 placidas
1049 3368 1086 3407 sut
1095 3365 1145 3416 iura
1151 3366 1243 3406 maenus
1250 3369 1336 3412 mentes

287 3568 325 3621 11.
355 3574 369 3621 1
389 3569 432 3639 By
446 3569 568 3625 Natural
579 3570 654 3633 Law,
666 3568 705 3623 all
719 3568 790 3624 have
802 3569 851 3625 the
864 3569 952 3641 Right
961 3570 994 3625 of
1004 3568 1142 3640 repeiling
1152 3585 1255 3640 wrong.
1278 3569 1337 3624 But

234 3653 298 3709 civil
313 3654 419 3724 society
438 3653 524 3725 being
543 3655 693 3709 instituted
714 3661 744 3710 to
759 3672 857 3710 secure
871 3656 968 3728 public
987 3655 1171 3725 tranquillity,
1186 3654 1235 3708 the
1255 3655 1337 3711 State

234 3739 362 3809 acquires
372 3755 391 3791 a
408 3739 543 3809 Superior
555 3740 644 3811 Right
662 3757 728 3795 over
742 3758 776 3795 us
787 3742 842 3796 and
856 3758 929 3805 oure,
940 3759 971 3796 as
985 3740 1030 3794 far
1044 3757 1074 3795 as
1091 3741 1114 3794 is
1130 3757 1277 3812 neeaesary
1290 3742 1337 3796 for

235 3823 299 3878 that
310 3823 374 3878 end.
409 3824 563 3880 Therefore
578 3827 627 3881 the
643 3827 723 3881 State
737 3844 803 3899 may
820 3827 946 3899 prohibit
960 3825 1023 3881 that
1037 3827 1230 3896 promiscuous
1244 3827 1333 3899 Right

235 3909 269 3965 oi
279 3909 417 3979 resisting,
432 3909 478 3964 ior
489 3910 539 3965 the
560 3912 627 3966 sake
647 3911 680 3966 oi
694 3911 790 3982 public
803 3929 889 3984 peace
904 3912 960 3966 and
979 3911 1076 3966 order:
1100 3912 1156 3966 and
1174 3913 1198 3967 it
1213 3913 1237 3966 is
1256 3918 1287 3968 to
1299 3914 1337 3969 be

235 3995 385 4066 presumed
399 4000 430 4049 to
444 3995 515 4050 have
530 3997 665 4053 intended
685 3997 749 4062 this,
763 3998 840 4053 since
860 3999 884 4053 it
902 4003 1006 4052 cannot
1020 3997 1167 4052 otherwise
1188 3998 1278 4052 attain
1299 4001 1337 4054 its

236 4080 300 4136 end.
348 4079 442 4134 lithis
454 4080 626 4152 prohibition
639 4082 706 4137 does
717 4089 768 4138 not
783 4085 862 4148 exist,
877 4082 957 4138 there
969 4084 992 4137 is
1003 4100 1040 4136 no
1054 4083 1144 4147 State,
1160 4084 1212 4139 but
1232 4100 1250 4138 a
1264 4084 1338 4139 mul-

235 4166 328 4221 titude
339 4165 457 4221 without
471 4167 520 4221 the
535 4167 575 4222 tie
592 4168 626 4223 of
641 4168 755 4239 society.
795 4169 834 4224 So
854 4169 904 4225 the
928 4168 1046 4240 Cyclops
1063 4185 1111 4222 are
1131 4169 1277 4224 described
1299 4171 1338 4243 by

236 4253 345 4307 Homer
355 4252 582 4324 andlinripidee3
594 4269 625 4308 so
635 4252 684 4308 the
697 4249 911 4326 [hypothetical]
924 4255 1099 4326 Aborigines,
1108 4255 1164 4310 and
1173 4255 1223 4312 the
1232 4256 1340 4325 Getuli,

236 4337 275 4412 by
288 4339 403 4396 Sallmt.
442 4335 511 4413 [See
528 4338 578 4395 the
592 4335 771 4412 references]
