2866 4906
223 180 284 247 xliv
620 194 923 251 PROLEGOhlEer.

60 376 205 424 umescere-
302 359 322 422 8
356 356 651 442 Haecrero,qua1n
667 356 739 423 rudi
756 357 849 423 modo
862 357 927 446 jam
950 360 1166 446 expressimus,
1182 361 1327 428 lsocietu-

57 424 198 564 &uilici-*e
224 453 264 522 tis
291 455 441 534 custodia,
476 453 628 522 ⁷hnmano
658 456 828 523 intellectui
856 458 1051 537 conveniens,
1084 461 1153 527 lons
1181 471 1229 528 eet
1259 461 1326 548 ejus

972 681 1008 724 ns
1023 681 1064 726 au
1109 683 1173 726 ucri
1189 684 1221 726 rn
1245 683 1263 727 e
1293 682 1326 726 e-

222 753 356 819 ccrimus
371 754 538 832 restitutio,
559 677 780 842 proniissorum
800 756 1027 844 implendorum
1044 759 1202 848 obligatio,
1219 760 1326 826 damni

222 853 314 941 culpa
330 853 396 920 dati
412 854 580 942 reparatio,
597 863 630 921 et
646 876 747 943 poenoe
762 855 845 922 inter
862 857 1002 922 homines
1019 859 1175 929 meritum.

295 955 316 1018 9
351 954 402 1020 Ab
422 954 482 1019 heo
500 953 581 1040 juris
603 954 825 1043 significatione
845 957 935 1022 fluxit
959 958 1062 1024 altera
1084 959 1224 1047 largior:
1251 959 1326 1047 quia

221 1051 304 1118 enim
329 1053 421 1118 homo
438 1074 534 1140 snpra
556 1061 676 1119 ceteras
699 1055 873 1120 animantes
895 1078 957 1121 non
977 1065 1099 1123 tantum
1122 1060 1186 1124 vim
1206 1060 1327 1125 obtinet

221 1152 374 1228 socialem,
393 1153 433 1218 de
449 1173 512 1238 qne
529 1152 672 1230 diximus,
694 1154 750 1219 sed
767 1163 800 1220 et
818 1154 967 1239 judicium
984 1157 1026 1222 ed
1051 1156 1235 1224 aestimonda
1253 1181 1325 1245 quae

222 1252 378 1318 delectant
395 1260 450 1318 aut
466 1260 588 1329 nocent,
611 1255 689 1317 ⁸non
706 1255 876 1340 praesentio
890 1263 1020 1333 tantum,
1039 1257 1094 1322 sed
1111 1267 1144 1324 et
1160 1258 1275 1335 lutura,
1294 1268 1327 1322 et

222 1373 293 1438 quae
307 1352 340 1417 in
354 1351 506 1418 utrumvis
523 1361 653 1439 possunt
675 1353 809 1432 ducere;
828 1375 886 1443 pro
900 1355 1027 1420 humani
1042 1355 1217 1424 intellectus
1234 1357 1326 1423 modo

266 1539 278 1574 t
295 1529 420 1577 Socidatis
435 1529 660 1575 custodiebamus
680 1529 748 1575 intel·
798 1529 856 1577 teris
864 1530 949 1590 fucit:
966 1532 1028 1578 duas
1044 1547 1082 1578 res
1097 1532 1169 1590 desiit,
1182 1548 1236 1593 quos
1250 1534 1325 1591 illum,

222 1605 293 1651 loesuf
308 1604 454 1664 cmm]
477 1605 568 1650 Senem
581 1617 616 1649 w,
631 1603 660 1649 de
675 1604 750 1650 Bm.
799 1600 924 1646 obncsium
949 1603 1038 1658 ceteris,
1062 1602 1234 1649 validissimum
1251 1604 1324 1663 sace-

215 1681 294 1739 ficiis,
304 1693 359 1740 cup.
370 1680 433 1727 xviii.
463 1679 570 1727 Utscius
580 1692 627 1737 per
640 1693 666 1723 se
680 1693 749 1737 espe-
799 1680 857 1731 rent,
867 1676 981 1722 rationem
990 1682 1012 1722 et
1024 1679 1173 1724 societatem:
1191 1679 1271 1738 inque
1282 1680 1325 1739 qui

223 1755 317 1802 tendum
330 1769 378 1801 esse
387 1754 453 1814 greti
462 1753 538 1799 animi
547 1753 698 1812 effectionem,
703 1767 750 1812 per
793 1765 845 1809 por
854 1765 903 1796 esse
912 1752 973 1797 nulli
984 1757 1064 1812 posset
1078 1753 1100 1798 si
1115 1753 1272 1811 diduceretur,
1286 1768 1324 1800 re-

222 1829 374 1889 sssugiendu
387 1843 426 1875 res
439 1833 479 1885 est,
493 1828 614 1888 ingratum
624 1840 680 1885 esse,
691 1842 749 1887 quo·
798 1840 851 1872 rum
870 1827 972 1887 potitur.
1003 1827 1110 1874 Societm
1134 1828 1173 1874 illi
1197 1828 1325 1875 dominium

222 1905 288 1950 niam
312 1904 374 1950 nibil
392 1918 456 1964 rque
482 1903 632 1950 concordiam
653 1903 750 1948 humani
798 1901 900 1947 omnium
912 1902 1051 1948 animalium
1061 1902 1143 1949 dedit:
1160 1903 1267 1950 Societas
1277 1910 1324 1951 ter-

222 1980 313 2039 generis
322 1978 435 2025 dissociat
445 1992 475 2025 ae
487 1977 608 2034 distrahit,
620 1991 692 2038 meum
706 1979 750 2025 hoc
798 1977 834 2022 ris
846 1978 948 2036 genitum
958 1978 983 2023 in
998 1977 1079 2024 aliem
1094 1983 1183 2025 nature
1195 1980 1325 2025 trunsmffit

222 2055 312 2100 sitim.
334 2053 400 2100 Num
411 2054 573 2115 quoaliotuti
581 2068 749 2113 sumus,quam
798 2051 928 2111 imperium,
948 2058 971 2098 et
991 2052 1110 2098 dominer·
1129 2053 1200 2098 etiam
1218 2054 1242 2098 in
1261 2055 1326 2100 mari

222 2125 503 2186 quodmutuisjucamur
517 2125 625 2187 officiis?
645 2126 689 2171 lroc
702 2140 749 2171 unc
790 2126 874 2185 jussit.
904 2127 965 2174 Herc
979 2127 1111 2173 morborum
1127 2129 1225 2188 impetus
1239 2131 1325 2187 arcuit,

221 2199 361 2247 instructior
378 2202 436 2258 cita,
457 2206 584 2261 contraque
606 2201 750 2248 incursiones
797 2203 908 2248 senectuti
926 2201 1072 2249 adminiculo
1087 2205 1219 2263 prospexit,
1236 2204 1325 2250 solatia

221 2275 313 2322 subitas
328 2277 440 2322 munitior
455 2281 496 2332 est,
509 2276 671 2336 beneficiorum
688 2290 750 2322 com·
798 2282 882 2324 eontra
901 2277 995 2323 dolores
1014 2277 1095 2323 dedit.-
1121 2278 1171 2325 lroec
1182 2279 1264 2337 fimes
1283 2293 1326 2325 nos

221 2351 316 2398 mersio.
346 2351 399 2398 Fac
409 2351 643 2412 ncssinpulos,quid
651 2350 750 2398 sumus?
791 2353 866 2412 fucit,
879 2352 944 2412 quod
958 2351 1011 2399 licet
1026 2353 1326 2414 contrafhrtunamuduo-

218 2425 307 2485 proerin
316 2426 486 2472 animaliumet
500 2425 601 2472 victimer
614 2439 644 2472 ac
660 2425 749 2471 cilum·
799 2441 861 2473 cars.
896 2426 969 2473 Hanc
989 2428 1051 2484 tolle,
1068 2433 1089 2474 et
1107 2429 1219 2475 unitatem
1234 2431 1327 2490 generis

221 2516 273 2548 mus
287 2506 309 2548 st
312 2503 451 2562 facillimus
459 2501 575 2561 sanquis:
588 2501 701 2560 quoniam
712 2513 748 2546 cs·
799 2502 902 2559 humani,
925 2517 975 2562 qua
994 2503 1045 2548 uita
1066 2504 1199 2560 sustinetur,
1225 2505 1326 2553 scindes.

221 2579 280 2625 teris
294 2578 438 2624 animalibus
453 2576 586 2623 intutelsm
595 2576 748 2622 suisutisci-
802 2576 905 2622 Tollitur
925 2582 1009 2632 autem,
1029 2577 1052 2622 si
1070 2578 1157 2638 effidcs
1176 2583 1201 2623 ut
1217 2579 1326 2638 ingratus

220 2653 283 2701 rium
292 2657 335 2698 est.
367 2652 597 2711 Quoecumquscuqa
611 2654 749 2704 sumuntur,
798 2651 1151 2709 animusnonperseuitnndus
1160 2652 1199 2698 sit.

220 2732 243 2773 et
252 2731 339 2773 cetura
347 2727 421 2772 sitam
429 2740 553 2786 “gregem
566 2730 663 2770 armatu
676 2729 747 2769 suns:
841 2723 852 2754 ⁷
868 2725 930 2770 Vide
940 2726 1152 2772 Purnunonrrnu
1164 2733 1273 2775 nostrum
1284 2728 1325 2776 De

220 2801 335 2847 bominem
354 2800 504 2846 imbecillitas
523 2799 613 2859 cingit.-
637 2811 683 2843 non
702 2811 747 2842 un·
796 2798 859 2846 Jurs
874 2798 933 2846 Nat.
949 2804 971 2845 et
988 2799 1056 2846 Gent.
1072 2800 1125 2846 Lib.
1141 2815 1171 2848 ιι.
1182 2806 1267 2863 cepti.
1282 2805 1324 2850 nbi

219 2876 301 2941 guium
318 2876 362 2934 cis,
377 2890 424 2922 non
439 2874 550 2933 dentium,
568 2873 696 2920 terribilem
712 2887 749 2920 oc·
796 2874 850 2920 inse
859 2875 1002 2934 principium
1014 2875 1080 2922 istud
1094 2877 1227 2925 adstruitur
1241 2884 1266 2927 et
1281 2893 1323 2926 ex·

274 3134 291 3182 8
319 3126 384 3182 And
406 3126 462 3181 thie
481 3125 621 3196 tendency
642 3130 673 3180 ιο
695 3122 744 3179 the
766 3124 959 3179 conservation
981 3125 1014 3179 ci
1032 3124 1146 3195 society,
1168 3123 1258 3180 which
1279 3143 1321 3181 we

220 3213 292 3269 heve
312 3230 374 3268 now
400 3212 547 3284 expressed
569 3212 600 3264 in
621 3226 640 3264 a
662 3210 733 3265 rude
752 3227 878 3275 manner,
896 3210 953 3264 end
972 3209 1063 3265 which
1083 3210 1223 3283 tendency
1245 3212 1268 3267 ie
1291 3213 1320 3266 in

219 3306 383 3371 agreement
396 3298 463 3354 with
477 3297 527 3352 the
549 3303 651 3352 neture
673 3295 707 3351 cf
726 3295 776 3351 the
793 3295 899 3350 humen
913 3297 1048 3361 intellect,
1064 3297 1088 3351 is
1108 3296 1158 3352 the
1174 3313 1273 3353 source
1290 3298 1324 3353 cf

219 3386 280 3451 Jus,
301 3403 335 3441 cr
353 3384 473 3440 Natural
496 3384 571 3449 Lew,
588 3380 721 3455 properly
739 3397 771 3437 so
792 3382 891 3437 called.
938 3384 981 3438 To
1001 3382 1057 3438 this
1078 3383 1131 3439 Jus
1148 3382 1252 3456 belong
1272 3383 1321 3440 the

219 3472 282 3526 rulo
297 3472 330 3525 oi
341 3471 500 3542 abstuining
522 3469 597 3524 from
612 3468 674 3524 thet
694 3467 785 3524 which
799 3468 916 3539 belongs
929 3474 960 3524 ιο
975 3469 1057 3524 other
1070 3486 1200 3540 persone;
1222 3471 1279 3525 end
1299 3470 1325 3524 ii

219 3572 262 3611 we
275 3556 347 3612 heve
361 3557 391 3610 in
405 3573 459 3610 our
472 3556 628 3627 possession
642 3553 779 3625 anything
792 3555 825 3608 oi
836 3554 985 3620 another's,
1002 3554 1052 3609 the
1066 3556 1225 3609 restitution
1241 3555 1274 3610 ci
1289 3556 1322 3619 it,

219 3657 253 3697 cr
275 3642 309 3697 oi
327 3657 383 3713 any
403 3642 469 3712 gain
483 3641 573 3695 which
592 3657 634 3695 we
653 3639 725 3693 heve
739 3639 822 3694 made
835 3639 909 3695 from
931 3641 970 3704 ic;
991 3639 1041 3694 the
1053 3639 1186 3709 fultilling
1206 3640 1239 3694 ot
1255 3656 1321 3711 pro·

219 3728 312 3794 mines,
333 3726 390 3782 end
407 3727 458 3782 the
471 3726 631 3797 reperstion
646 3725 680 3779 oi
698 3726 816 3796 damege
830 3725 904 3781 done
917 3726 956 3797 by
969 3725 1060 3788 saulis
1080 3725 1137 3779 end
1155 3725 1205 3780 the
1224 3741 1320 3796 recog·

218 3813 310 3869 nition
324 3814 357 3868 oi
369 3813 475 3868 certain
489 3811 584 3882 things
598 3828 629 3866 us
641 3811 773 3881 meriting
783 3810 964 3882 punishment
975 3826 1078 3882 among
1091 3827 1165 3864 men.

273 3906 290 3955 9
318 3900 403 3954 From
418 3898 474 3953 this
488 3897 674 3969 signification
688 3896 740 3951 hae
753 3896 853 3951 tiowed
871 3896 991 3952 another
1003 3896 1097 3967 lnrger
1113 3912 1194 3951 sense
1207 3895 1241 3951 oi
1251 3896 1320 3952 Jue:

218 3988 272 4050 sor,
289 3983 435 4039 innsmnch
456 4000 487 4038 ee
501 4000 568 4037 men
588 3983 612 4038 ie
626 3983 754 4054 superior
772 3988 803 4037 to
823 3981 906 4037 other
919 3981 1046 4046 animsls,
1063 3989 1114 4038 not
1134 3982 1201 4053 only
1221 3982 1251 4036 in
1271 3981 1321 4037 tho

218 4071 304 4130 eocial
326 4070 446 4141 impulse
464 4069 497 4124 ct
513 4069 603 4123 which
628 4086 670 4124 we
692 4068 763 4123 here
780 4067 896 4139 spoken,
912 4067 964 4122 but
983 4068 1012 4120 in
1035 4066 1079 4121 hie
1097 4067 1248 4139 Judgment
1264 4069 1321 4123 ond

218 4175 314 4232 power
328 4157 361 4211 of
369 4156 530 4226 estimnting
544 4155 714 4225 adventages
733 4153 790 4208 end
804 4154 1032 4224 dleedventogees
1054 4154 1110 4207 and
1124 4154 1155 4207 in
1166 4152 1255 4214 these,
1270 4161 1322 4209 not

218 4245 287 4316 only
307 4249 422 4316 present
441 4241 515 4314 good
533 4241 590 4295 end
607 4239 646 4307 ill,
673 4241 725 4295 but
747 4240 806 4294 also
829 4239 924 4295 future
940 4240 1015 4311 good
1032 4239 1088 4293 and
1114 4239 1153 4303 ill,
1172 4239 1229 4293 end
1245 4239 1321 4294 what

219 4348 285 4403 may
297 4329 361 4385 lead
375 4335 406 4385 to
421 4327 506 4393 scobs
528 4345 569 4383 we
584 4343 649 4398 may
666 4325 838 4383 understand
850 4325 912 4381 thet
924 4324 947 4382 it
960 4327 985 4383 is
999 4341 1156 4398 congruens
1170 4331 1201 4382 ιο
1215 4325 1321 4381 human
