2866 4906
191 200 253 242 xxx
613 189 640 242 J.
665 185 924 246 BARBEYRACII

192 354 321 431 venerit,
340 354 399 419 hoc
422 374 489 419 esse
506 352 614 420 vitium
633 375 794 420 commune
810 354 944 421 omnium
961 355 1130 434 hominum,
1151 355 1245 423 etiam
1265 357 1347 423 Eru-

192 455 421 530 ditissimorum,
439 462 551 518 utnon
568 475 693 541 semper
707 454 749 520 ad
765 454 869 520 omnia
885 455 960 521 satis
976 456 1159 522 adtendant.
1186 459 1347 522 Prseterea

191 554 225 621 id
241 562 347 620 nostro
364 552 484 630 accidit,
497 552 583 639 quod
598 551 636 616 iis
650 553 776 619 solenne
787 562 843 631 est,
858 553 911 640 qui
928 577 1042 642 magna
1058 556 1206 621 memoria
1217 556 1344 643 pollent,

192 663 228 721 ut
244 653 359 719 scilicet
375 651 419 717 illi
436 651 526 717 nimis
542 672 650 716 secure
667 652 832 719 confidant.
885 654 978 720 Adde
1000 655 1084 740 quod
1101 655 1196 720 variis
1216 656 1346 720 distrac-

192 762 243 820 tus
265 751 397 841 negotiis
422 760 455 816 et
479 751 598 827 studiis,
622 772 660 816 eo
681 761 823 837 tempore
844 751 888 818 sic
909 754 985 819 satis
1005 753 1103 830 brevi,
1129 754 1213 840 quod
1234 754 1267 819 in
1285 754 1345 820 hoc

192 875 287 940 opere
306 850 494 918 elaborando
516 850 691 928 consumsit,
717 852 799 917 forte
823 851 916 917 etiam
940 875 1002 918 non
1027 853 1134 939 paucis
1159 876 1267 919 eorum
1289 854 1346 918 Li·

191 954 328 1028 brorum,
362 972 439 1036 quos
474 957 562 1015 tauto
593 972 723 1017 numero
746 949 896 1029 laudavit,
924 952 1109 1030 destitutus;
1148 976 1211 1018 nou
1243 954 1346 1040 potuit

191 1073 314 1139 semper
330 1051 478 1116 adcurate
500 1048 604 1114 omnia
620 1051 807 1136 expendere.
853 1051 937 1116 Hinc
953 1051 1025 1117 licet
1040 1051 1163 1118 infinita
1179 1052 1246 1137 ejus
1263 1062 1345 1119 esset

190 1151 291 1227 lectio,
308 1161 341 1216 et
357 1149 411 1214 rix
423 1148 529 1224 ullum,
546 1158 632 1236 puto,
648 1152 819 1216 Auctorem
836 1149 1029 1228 iudicaverit,
1045 1150 1130 1237 cujus
1147 1153 1264 1238 scripta
1281 1175 1343 1217 non

189 1250 382 1339 perlegisset,
405 1257 462 1315 aut
477 1248 586 1313 saltem
602 1245 840 1335 perlustrasset3
863 1249 1029 1338 aliquando
1051 1250 1119 1316 loca
1135 1253 1278 1337 quadam
1302 1274 1343 1317 ex

190 1350 267 1428 aliis,
292 1359 365 1416 tunc
382 1347 506 1413 minime
522 1348 670 1434 inspecta,
693 1349 804 1414 tacitus
828 1349 999 1436 exscripsit,
1025 1350 1119 1416 etsie
1145 1351 1177 1415 in
1203 1373 1343 1417 errorem

190 1449 340 1536 delapsus
357 1456 414 1524 est,
437 1456 473 1512 ut
498 1469 538 1511 ex
564 1446 740 1512 certissimis
762 1447 881 1512 iudiciis
905 1449 1105 1534 deprehendi.
1156 1450 1343 1537 Exemplum

191 1548 386 1614 manifestum
411 1546 508 1611 habes
534 1545 601 1611 Lib.
620 1545 664 1611 II.
689 1568 755 1634 cap.
783 1567 876 1611 xvru.
905 1540 923 1640 p
943 1550 972 1612 1.
999 1557 1073 1613 nota
1091 1549 1145 1632 (a).
1172 1549 1226 1613 ubi
1244 1550 1342 1615 verba

192 1649 328 1714 Cnoson
343 1667 400 1733 pro
418 1644 521 1711 verbis
538 1645 708 1710 Vaneorus
727 1645 841 1723 adfert,
863 1655 1023 1711 errantem
1046 1656 1196 1732 sequutus
1213 1649 1342 1712 Drous-

190 1767 269 1812 sruu
287 1748 550 1813 Goruornsoum
566 1743 599 1808 in
613 1746 655 1809 L.
669 1744 721 1813 17.
737 1748 781 1809 D.
798 1748 851 1811 De
867 1748 1073 1830 chationib.
1092 1754 1128 1811 ut
1142 1746 1216 1811 alibi
1231 1747 1341 1814 eodem

188 1847 373 1912 festinanter
394 1844 484 1919 lecto,
508 1842 730 1931 etymologiam
747 1843 830 1909 vocis
855 1847 1082 1921 Terias-ium,
1105 1857 1238 1911 eterra
1262 1847 1341 1933 peti-

190 1953 265 2022 tam,
283 1947 462 2010 Faosrrso
479 1941 599 2018 tribuit,
617 1963 687 2027 quae
703 1944 839 2008 Consors
856 1943 949 2009 ctiam
968 1954 1025 2020 est,
1048 1944 1117 2010 Lib.
1133 1946 1192 2010 lll.
1213 1967 1281 2032 cap.
1296 1967 1339 2013 ιι.

191 2042 209 2138 q
226 2048 259 2114 4.
283 2067 366 2110 num.
383 2047 412 2107 2.
466 2041 519 2108 Sic
536 2040 604 2107 Lib.
625 2040 651 2104 I.
673 2064 740 2129 cap.
758 2063 793 2108 11.
820 2035 837 2136 p
853 2043 884 2106 3.
903 2064 986 2107 num.
1003 2045 1034 2108 2.
1056 2044 1162 2120 verba,
1181 2053 1340 2130 tamquam

189 2145 306 2221 Ριιιιιι,
325 2142 432 2219 refert,
443 2162 575 2228 quorum
591 2162 665 2228 pars
681 2149 801 2207 tantum
812 2141 897 2228 apud
913 2141 1000 2207 illum
1016 2143 1198 2232 scriptorem
1213 2143 1339 2232 legitur,

189 2252 226 2309 ut
250 2243 283 2309 iu
300 2252 376 2309 nota
399 2246 419 2308 5
443 2240 487 2307 ibi
511 2240 625 2308 monui.
685 2242 763 2306 Post
785 2242 901 2306 Natam
918 2240 1002 2306 illam
1022 2250 1127 2307 autem
1148 2241 1234 2329 typis
1254 2265 1340 2309 man-

188 2343 306 2418 datam,
329 2364 403 2408 casu
427 2339 532 2427 reperi
551 2341 669 2406 sontem
695 2341 820 2417 erroris,
842 2341 874 2404 in
891 2342 1004 2406 Minor
1023 2342 1216 2416 chxmue,
1238 2342 1340 2407 Juris·

188 2443 320 2508 consulti
333 2441 436 2517 Frisii,
459 2438 672 2516 Membrana,
687 2462 758 2525 quae
774 2461 856 2506 anno
869 2441 957 2506 1608
975 2441 1165 2527 prodierant,
1184 2441 1252 2505 Lib.
1263 2443 1338 2509 Vll.

188 2544 303 2628 Eelop.
323 2561 401 2606 ιιιιι.
420 2560 492 2626 pag.
509 2540 585 2614 394,
609 2539 663 2605 ubi
687 2539 860 2625 conjunctio
885 2539 938 2604 illa
961 2539 1093 2604 duorum
1112 2540 1248 2604 locorum
1267 2561 1338 2626 per-

187 2662 295 2727 peram
311 2641 395 2705 facta
411 2638 520 2704 codem
536 2637 628 2723 plane
645 2636 735 2701 modo
752 2637 877 2724 legitur.

261 2740 372 2826 Neque
396 2735 480 2815 talia,
504 2743 560 2799 aut
576 2733 667 2800 etiam
683 2735 831 2823 graviora
854 2742 990 2821 peccata,
1014 2736 1055 2800 ad
1077 2758 1129 2802 res
1146 2736 1229 2824 ipsas
1252 2760 1338 2827 speo-

187 2838 296 2916 tantia,
319 2837 386 2903 sine
408 2833 648 2922 exprobratione
669 2833 780 2912 notari,
804 2834 922 2899 Auctor
945 2834 1021 2922 ipse,
1044 2834 1121 2901 siin
1144 2836 1222 2902 vivis
1245 2848 1336 2916 esset,

187 2960 273 3027 aegre
289 2937 396 3003 ferret.
450 2932 533 3012 Quin
548 2931 662 3018 potius,
680 2954 742 3019 quo
759 2942 828 2998 erat
844 2932 979 3021 ingenio,
1006 2934 1201 3002 monentibus
1217 2938 1337 3023 gratias

187 3037 366 3103 habiturum
392 3040 425 3099 et
451 3040 593 3099 acturum
619 3031 722 3108 fuisse,
752 3031 829 3096 mihi
860 3054 1041 3119 persuasum
1070 3042 1127 3099 est.
1179 3035 1337 3102 Nonnulla

185 3134 262 3222 ipse,
289 3143 452 3222 postquam
468 3130 697 3208 animadvertit,
726 3131 830 3196 statim
848 3131 1034 3209 emendarit,
1060 3143 1097 3198 ut
1119 3155 1160 3197 ex
1177 3154 1336 3221 compara-

186 3234 271 3300 tione
292 3233 431 3321 priorum
448 3229 628 3296 Editionum
644 3229 806 3317 aliquoties
828 3230 1000 3296 observavi.
1053 3232 1198 3319 Exempli
1221 3235 1334 3321 gratia,

186 3333 254 3399 Lib.
276 3335 319 3399 Il.
349 3354 417 3419 cap.
436 3351 528 3396 xxrv.
558 3329 626 3429 §a
654 3351 738 3395 uum.
757 3331 787 3394 1.
817 3329 850 3394 in
876 3329 978 3416 prima
1006 3330 1153 3397 Editione
1180 3333 1334 3398 Jossruo

185 3434 283 3497 verba
309 3431 477 3506 tribuebat,
507 3452 578 3515 qua
603 3431 746 3494 Pumoru
771 3438 880 3514 postea
908 3429 1054 3496 restituit.
1107 3430 1173 3496 Lib.
1197 3432 1239 3497 ll.
1268 3454 1333 3519 cap.

186 3551 280 3597 xum.
301 3527 318 3627 p
335 3530 367 3599 7.
384 3531 417 3595 in
433 3528 543 3594 eadem
561 3527 718 3605 Editione,
735 3526 789 3592 ubi
805 3528 921 3594 dictum
939 3528 1094 3614 quoddam
1113 3532 1333 3613 sapieniam

184 3631 282 3695 Lrvro
299 3634 495 3703 narraverat,
519 3628 708 3693 aVsusruo
725 3628 871 3692 Msxnro
892 3629 977 3691 hauc
993 3630 1025 3692 ei
1050 3629 1208 3692 tributam
1228 3649 1333 3693 uocem

181 3729 337 3796 addebat:
367 3731 435 3793 Isto
457 3739 486 3792 tc
508 3738 602 3804 metu,
630 3727 762 3801 Hanno,
784 3728 868 3810 fides
890 3728 1037 3791 civitatee
1061 3737 1179 3790 nostre
1206 3726 1331 3793 liberat.

182 3828 335 3894 Distinxit
351 3826 463 3893 deinde
483 3825 536 3901 sic,
563 3845 634 3910 quoe
659 3824 738 3889 male
761 3823 961 3889 confuderat:
997 3824 1146 3889 Valerius
1161 3827 1333 3893 Mucianus

184 3930 378 3996 Cerealibus
389 3925 694 4008 Romanieiufccto
704 3924 817 3998 simili,
834 3925 890 3988 sed
904 3924 1097 4007 antiquiore,
1114 3925 1198 3989 hauc
1216 3926 1333 3991 tribuit

182 4050 289 4093 uocem
299 4051 312 4102 ,·
330 4028 394 4091 Isto
409 4035 442 4090 te
459 4031 554 4099 metu,
573 4031 632 4089 etc.
672 4021 740 4087 Lib.
757 4022 800 4085 ll.
818 4042 885 4107 cap.
903 4041 957 4087 xv.
979 4014 996 4114 p
1011 4023 1041 4085 3.
1059 4043 1141 4086 num.
1158 4024 1188 4086 1.
1208 4022 1331 4088 deloco

183 4127 326 4193 Sensum
351 4123 456 4190 Patris
478 4122 524 4188 ita
539 4122 637 4186 habet
658 4120 759 4207 prima
782 4120 905 4185 Editio:
931 4123 1009 4185 Nou
1025 4122 1072 4185 od
1088 4123 1239 4207 antiquos
1256 4123 1331 4189 illoc

182 4230 398 4313 Imperatores
412 4225 569 4310 pertinet,
596 4221 704 4298 idest,
729 4221 805 4285 belli
825 4222 931 4295 duces,
955 4221 1011 4286 sed
1028 4221 1074 4283 ad
1094 4222 1246 4298 Caesares,
1272 4225 1332 4308 qui
