2866 4906
203 168 206 173 ’
226 155 268 222 66
420 163 475 221 ΔΝ
496 161 671 220 BELLARE
693 164 863 231 UNQUAM
884 164 1039 222 JUSTUM
1061 165 1131 221 sm.
1215 163 1287 233 [Lm.
1300 163 1324 219 1.

226 328 373 407 deterior,
401 327 502 416 inquit
528 328 653 408 Paulus,
683 330 702 393 1
728 328 807 394 Tim.
826 351 855 396 r.
879 332 911 397 8.
965 330 1139 415 Sequamur
1156 351 1233 419 ergo
1251 352 1329 396 cun-

226 430 297 496 dem
321 427 463 506 Paulum,
490 427 641 515 optimum
665 427 744 517 legis
768 428 875 494 herilis
900 428 1113 515 interpretem,
1140 428 1194 516 qui
1216 428 1327 494 Corin·

225 528 309 596 thies
325 527 462 594 excitans
478 527 520 593 ad
536 527 771 594 beneficentiam
789 526 823 592 in
847 527 1152 616 Hierosolymitanos
1176 549 1328 593 exercen-

227 628 310 707 dam,
328 630 417 708 Non,
434 626 544 713 inquit,
560 640 597 693 at
613 629 695 694 aliis
714 630 760 693 eit
780 627 1010 704 sacamentum,
1036 628 1126 692 cobis
1140 648 1192 693 res
1208 649 1328 711 onyas-

229 740 279 807 toe‚
311 729 369 795 aed
401 738 438 791 at
469 728 675 812 oeqacbiliter
706 717 834 792 ‘oestro
863 729 960 812 copia
989 737 1164 792 succurrat
1194 727 1327 790 illarum

228 829 358 912 inopiae,
377 826 398 889 2
416 823 490 890 Cor.
509 824 571 892 viii.
592 828 643 891 13.
690 823 729 890 Id
753 831 801 890 est
824 825 919 907 (Livii
942 824 1040 891 rerba
1064 824 1098 889 in
1122 845 1159 889 re
1180 845 1243 888 nen
1264 823 1327 888 dis-

229 925 321 990 simili
346 923 517 1008 usurpabo)
540 930 577 989 ut
598 945 638 988 ex
661 945 708 1000 ee,
733 923 816 1009 qued
832 923 942 990 adfluit
958 923 1069 1010 opibus
1085 922 1210 999 restris,
1236 922 1327 989 susti·

131 1102 137 1116 Ι
229 1022 329 1090 neatis
349 1020 550 1087 necessitates
574 1021 724 1088 aliorumt
749 1020 804 1106 qui
827 1042 936 1087 sensus
953 1029 1001 1088 est
1017 1029 1050 1088 et
1066 1021 1098 1086 in
1116 1021 1203 1109 Cyro
1221 1023 1327 1086 Xeno-

227 1120 370 1210 phontis:
387 1111 409 1187 d
428 1112 467 1188 civ
483 1112 541 1188 idea
550 1116 695 1213 περισσὰ
708 1113 792 1187 ὅντα
803 1123 871 1188 τῶν
889 1117 959 1202 ἐμοὶ
978 1116 1175 1215 ἀρκούντων,
1195 1115 1328 1192 τούτοιν

228 1218 289 1290 ‘reis
306 1213 424 1291 ἐνδείας
449 1219 518 1284 τοῖν
539 1220 650 1312 φίλον
673 1215 853 1308 ἐξακοῦμαι.
905 1218 1044 1285 Similem
1069 1217 1249 1306 aequitatem
1271 1218 1327 1284 ad-

226 1319 388 1386 hibeamus
419 1314 657 1406 interpretando
685 1327 852 1406 praecepto,
886 1318 970 1404 quod
992 1318 1059 1403 jam
1086 1340 1108 1383 a
1137 1317 1226 1384 nobis
1249 1316 1328 1384 reci·

226 1425 327 1486 tatum
352 1425 410 1485 est.

301 1515 323 1584 7
351 1517 419 1581 Lex
436 1516 574 1582 Hebraea
587 1513 667 1580 siout
680 1513 806 1580 divortii
820 1513 997 1580 libertatem
1013 1513 1206 1602 indulgebat,
1219 1523 1256 1582 ut
1269 1537 1326 1580 sae-

226 1612 312 1682 witiae
329 1613 512 1680 maritorum
528 1614 562 1680 in
577 1633 692 1680 uxores
708 1621 900 1679 occurreret:
916 1611 963 1678 ita
979 1612 1072 1679 etiam
1089 1612 1221 1699 privatae
1237 1612 1329 1679 ultio-

226 1713 269 1791 ni,
286 1712 328 1778 ad
345 1733 438 1800 quam
454 1734 533 1802 gens
552 1712 605 1778 illa
624 1710 717 1777 walde
735 1732 837 1798 prona
861 1719 940 1788 erat,
966 1710 1155 1787 coercendas,
1176 1711 1230 1797 jus
1254 1712 1328 1777 laso

225 1810 345 1877 iecerat
370 1811 411 1876 ab
437 1831 474 1876 eo
504 1810 558 1898 qui
581 1810 715 1887 laeserat,
741 1830 805 1874 non
826 1830 920 1875 manu
939 1831 1004 1887 sua,
1021 1809 1078 1876 sod
1094 1811 1177 1897 apud
1191 1810 1328 1897 judicem

227 1909 355 1997 exigere
371 1909 537 1976 mhonem:
565 1909 648 1996 quod
664 1907 717 1974 lex
734 1907 828 1973 etiam
852 1907 905 1973 xii.
930 1907 1108 1975 tabularum
1130 1917 1238 1975 secuta
1260 1918 1327 1987 est;

228 2010 269 2075 Si
290 2009 465 2074 maehum
489 2011 591 2095 rupit,
619 2008 702 2073 talio
727 2019 802 2074 cato.
856 2005 1000 2073 Christus
1015 2029 1091 2073 were
1106 2006 1231 2094 majoris
1247 2007 1328 2095 pati·

227 2106 321 2172 cntiae
335 2105 485 2194 magister
501 2114 624 2173 tantum
640 2105 740 2185 abest,
751 2113 788 2172 ut
803 2104 887 2171 illam
910 2105 942 2170 in
954 2104 1022 2192 jam
1039 2106 1113 2172 laese
1129 2107 1242 2193 probet
1260 2106 1326 2171 rin·

227 2205 319 2271 dictae
344 2204 578 2293 flagitationem,
604 2203 734 2291 injurias
750 2204 900 2290 quasdam
922 2225 963 2268 ne
987 2205 1089 2270 arceri
1105 2205 1231 2290 quidem
1249 2205 1326 2282 vult,

226 2310 283 2370 aut
303 2301 344 2380 wi,
371 2311 426 2369 aut
445 2302 572 2389 judicio.
617 2304 661 2370 At
686 2302 792 2390 quales
816 2301 972 2389 injurias?
998 2302 1175 2370 tolerabiles
1202 2303 1326 2380 scilicet,

228 2399 313 2467 ⁷non
330 2402 414 2488 quod
430 2423 493 2467 non
507 2402 541 2468 in
562 2400 766 2468 atrocioribus
789 2422 911 2488 queque
933 2400 1090 2468 laudabile
1114 2402 1174 2467 hoc
1196 2401 1245 2480 sit,
1271 2402 1328 2467 sed

225 2501 310 2588 quod
326 2499 515 2567 restrictione
532 2500 667 2589 quadam
683 2498 836 2589 patientia
852 2508 1015 2568 contentus
1036 2501 1086 2568 sit.
1130 2500 1207 2566 Ideo
1224 2521 1327 2566 exem-

271 2670 281 2706 ῐ
306 2671 389 2718 Vestra
413 2671 483 2730 copia
507 2675 632 2718 nocuerat
657 2671 753 2718 itionem
801 2688 850 2729 τιν,
865 2669 982 2717 οὐκαθ”ὃ
996 2671 1040 2716 οὐκ
1055 2668 1117 2730 ἔχει.
1147 2670 1214 2716 Deru
1224 2670 1329 2731 prosa·

225 2743 324 2805 inepioe]
342 2745 433 2792 Seneca
447 2746 477 2791 de
492 2744 613 2792 benefieiis
632 2745 752 2791 secunde:
802 2748 980 2806 caltatepoecit,
995 2751 1109 2806 qaatmue
1123 2746 1192 2793 habet
1206 2748 1267 2807 quis,
1283 2761 1328 2792 non

226 2820 299 2866 Dabo
319 2821 401 2880 acenti,
420 2820 463 2866 nd
480 2825 507 2867 ut
525 2820 576 2879 ipse
595 2834 641 2865 non
665 2833 752 2880 οροονι.
801 2821 1057 2881 quatmucnonhabet.
1088 2822 1161 2876 Quod
1171 2826 1200 2867 ut
1212 2827 1278 2868 reete
1290 2822 1328 2867 in·

226 2893 297 2954 (Cap.
312 2894 360 2953 15).
391 2893 575 2954 Chrysestemns
590 2893 615 2938 ie
629 2894 752 2941 locumad
801 2895 935 2955 telligatur,
945 2896 1061 2943 accedant
1075 2899 1214 2957 sequentia:
1230 2898 1329 2944 ἐπαινοῖ

227 2969 365 3016 Corinthios
384 2968 423 3013 hic
440 2968 598 3027 productum:
613 2965 627 3012 ὁ
642 2968 703 3014 θεὸς
717 2966 753 3013 τὲ
800 2970 845 3028 μὲν
855 2971 914 3015 τούν
930 2969 991 3029 ὑπὲρ
1008 2971 1118 3031 direpte,
1133 2973 1177 3018 οὐκ
1192 2971 1327 3032 ἀναγκάζει

226 3041 403 3101 κατνὶδύναμιν
411 3041 528 3101 ἀπαιτεῖ,
543 3040 585 3087 καὶ
599 3039 653 3087 καθ’
669 3041 682 3087 δ
698 3039 752 3101 ἔχει
801 3043 827 3090 dl
845 3043 951 3090 τούτους
977 3046 1082 3099 ποιῆσαι
1109 3045 1199 3094 ταύτό.
1230 3045 1328 3094 laedat

226 3280 308 3346 Paul,
321 3281 370 3336 the
383 3279 447 3336 best
461 3279 630 3352 interpreter
643 3278 677 3334 ef
687 3277 731 3334 hls
746 3276 872 3334 mastar's
886 3278 948 3344 law,
961 3280 1032 3344 who,
1045 3278 1128 3334 when
1139 3279 1260 3350 exciting
1279 3278 1329 3334 the

227 3366 406 3421 Corinthians
424 3371 454 3422 te
471 3365 650 3421 beneficence
665 3365 785 3420 towards
805 3365 887 3421 those
908 3365 942 3420 ef
956 3365 1124 3429 Jerusalem,
1141 3381 1213 3435 says,
1229 3372 1246 3419 2
1262 3365 1327 3419 (lor.

225 3450 282 3505 wiii.
297 3455 340 3514 13,
357 3453 412 3505 Not
424 3453 482 3504 that
494 3453 568 3506 other
581 3469 642 3505 mea
652 3469 717 3521 moy
732 3453 761 3505 be
774 3452 851 3505 cased
863 3453 922 3505 aad
929 3468 963 3522 ys
974 3451 1116 3511 bardencd,
1128 3451 1174 3504 but
1187 3451 1244 3503 thot
1255 3468 1329 3520 year

226 3536 382 3589 οονπάονιοο
395 3552 459 3605 moy
477 3537 505 3590 be
521 3554 541 3589 a
558 3536 656 3606 supply
669 3537 725 3605 for
740 3537 808 3590 their
826 3544 910 3589 want.
944 3535 1006 3589 Tho
1023 3534 1079 3587 like
1094 3534 1267 3604 expressions
1279 3551 1328 3589 are

224 3618 295 3674 used
309 3618 346 3690 by
360 3619 483 3674 heathen
495 3618 619 3682 authors,
631 3635 661 3673 as
672 3620 751 3690 Livy,
766 3619 936 3690 Xenophon.
975 3613 1042 3687 [Sea
1054 3618 1103 3672 the
1115 3614 1197 3682 text]

276 3707 294 3761 'l
315 3702 355 3758 As
369 3703 419 3758 the
429 3703 550 3759 Hebrew
561 3703 615 3757 law
628 3703 746 3758 allowed
759 3720 777 3756 a
787 3704 889 3775 liberty
902 3702 935 3758 of
943 3702 1066 3766 dirorce,
1080 3708 1111 3757 to
1121 3702 1267 3756 moderate
1278 3701 1328 3758 the

224 3787 373 3844 harshncss
388 3788 421 3843 of
433 3805 498 3843 men
512 3788 632 3844 towards
647 3787 721 3842 their
737 3787 835 3853 τίτας
853 3804 885 3843 so
898 3794 929 3843 to
946 3788 1065 3842 restrain
1083 3788 1192 3858 private
1207 3804 1329 3858 rerenge

225 3880 257 3930 to
268 3874 358 3929 which
370 3873 419 3929 the
432 3873 532 3930 nation
549 3891 605 3929 was
623 3889 691 3944 very
705 3888 803 3945 prone,
814 3871 864 3927 the
877 3873 931 3927 law
943 3871 1060 3927 allowed
1075 3872 1124 3928 the
1136 3873 1246 3944 injured
1260 3890 1328 3927 man

225 3964 256 4014 te
275 3960 387 4030 require
408 3959 483 4013 from
506 3958 556 4015 the
574 3959 680 4029 injurer
701 3959 911 4029 compensatiou
933 3976 966 4013 or
988 3957 1170 4025 satisfaction,
1191 3965 1243 4013 not
1260 3959 1329 4012 with

221 4040 269 4101 his
281 4061 343 4099 own
354 4043 439 4109 hand,
453 4044 618 4120 but-before
630 4043 679 4100 the
694 4044 792 4116 jndgo.
828 4044 896 4099 This
911 4062 966 4101 was
980 4044 1111 4099 followed
1125 4046 1154 4098 in
1167 4045 1216 4099 the
1230 4043 1283 4096 law
1298 4043 1332 4097 of

224 4130 275 4186 the
283 4125 394 4185 Twel're
405 4122 516 4195 Tables,
524 4112 616 4193 billich
630 4129 794 4187 authorized
807 4130 975 4186 retaliatiorn
1002 4130 1061 4185 But
1072 4129 1174 4193 Christ,
1185 4147 1203 4182 a
1214 4128 1330 4184 toacher

225 4216 260 4270 'el
276 4234 295 4271 a
310 4213 405 4272 better
418 4217 555 4287 patience,
576 4217 600 4271 is
617 4233 648 4271 se
665 4216 711 4270 far
728 4213 804 4271 irem
824 4217 978 4288 approving
992 4216 1042 4271 the
1056 4215 1166 4286 injured
1185 4231 1251 4268 man
1266 4214 1329 4270 who

226 4300 362 4358 demands
376 4300 445 4357 such
458 4300 641 4368 satisfactIon,
654 4301 718 4357 that
731 4300 769 4357 he
787 4301 843 4356 will
860 4301 933 4358 have
951 4318 1029 4359 some
1049 4301 1164 4372 injurios
1183 4306 1234 4356 not
1258 4299 1330 4395 eren
