2866 4906
120 248 267 319 cm.1v.]
518 251 563 307 IN
585 250 835 310 surculosus.
1155 250 1210 314 191

117 422 195 484 dum
211 418 248 482 iu
264 417 411 482 omuibus
423 418 529 501 patri,
549 420 587 483 in
602 440 638 485 eo
660 440 723 484 eon
735 422 921 503 parendum
937 443 999 508 quo
1016 425 1160 508 efficitur,
1178 448 1224 490 ne·

111 531 211 605 parer
232 519 287 583 ne.

191 616 250 682 Xl.
304 617 435 695 Quarto,
457 614 598 683 nitidem
621 617 781 685 Barcinius
801 617 903 685 amitti
924 642 1067 710 regnum,
1090 614 1137 687 ksi
1158 645 1216 690 rex

118 739 191 783 vere
215 715 321 783 hostili
345 715 448 782 animo
483 714 517 781 in
547 716 642 783 totius
668 718 775 807 populi
801 717 930 785 exitium
957 720 1098 788 seratur:
1132 724 1216 808 quod

117 816 269 883 concedo:
297 815 464 882 consistere
487 815 568 881 enim
593 816 683 882 simul
709 840 772 883 non
798 827 926 905 possunt
954 820 1095 887 voluntas
1120 820 1216 911 impo-

118 916 208 983 randi
230 924 263 983 et
284 917 426 983 voluntas
452 915 622 1002 perdendi:
645 939 743 1005 quare
768 917 821 1004 qui
838 940 873 983 se
894 919 1014 986 hostem
1039 920 1145 1009 populi
1169 932 1217 988 to·

120 1016 179 1081 tius
195 1014 370 1103 profitetur,
394 1015 474 1081 iseo
490 1013 557 1101 ipso
576 1014 700 1083 abdicat
722 1039 873 1106 regnum:
898 1018 954 1084 sed
972 1017 1026 1085 vix
1043 1019 1167 1086 videtur
1182 1021 1216 1087 id

120 1115 257 1182 accidere
279 1137 369 1202 posse
389 1115 422 1180 in
443 1135 520 1202 rege
541 1116 652 1181 mentis
673 1125 823 1203 compote,
842 1116 895 1203 qui
916 1117 968 1183 uni
986 1117 1099 1205 populo
1119 1119 1216 1208 impe-
1293 1188 1302 1199 ,

120 1225 175 1282 ret
229 1215 322 1295 Quod
344 1215 372 1280 si
397 1213 536 1303 pluribus
559 1215 681 1302 populis
703 1215 844 1303 imperet,
875 1216 1014 1283 accidere
1042 1229 1154 1304 potest,
1180 1231 1217 1287 ut

120 1315 207 1380 unius
232 1314 338 1403 populi
361 1314 395 1381 in
419 1311 555 1404 gratum
580 1316 713 1382 ultorum
736 1315 811 1381 velit
833 1315 999 1403 perditum,
1024 1327 1060 1384 ut
1082 1317 1215 1386 colonias

119 1415 162 1479 ibi
185 1414 286 1481 faciat

195 1514 271 1579 XII.
318 1514 444 1593 Quinto,
467 1514 492 1580 si
510 1537 641 1604 regnum
662 1513 880 1592 committatur,
905 1514 971 1582 sive
993 1539 1033 1582 ex
1049 1516 1163 1583 felonia
1184 1518 1217 1584 in

120 1636 198 1691 eum,
221 1612 306 1700 eujus
330 1614 456 1679 seudum
482 1625 538 1691 est,
560 1614 625 1679 sive
648 1637 687 1679 ex
712 1614 848 1680 clausula
869 1615 970 1702 posita
995 1615 1026 1681 in
1042 1616 1112 1704 ipsa
1133 1617 1216 1683 dele·

121 1713 202 1779 tione
218 1712 349 1800 imperii,
368 1725 412 1793 ut,
438 1707 477 1779 ¹si
493 1715 552 1779 hoo
569 1723 624 1780 aut
641 1713 698 1778 hoe
715 1729 771 1779 'rex
789 1713 892 1791 faeiat,
913 1715 1028 1782 subditi
1045 1715 1127 1781 omni
1145 1718 1216 1783 obe-

119 1811 244 1879 dientiae
263 1812 383 1878 vinculo
405 1813 574 1890 solventur,
598 1823 671 1880 tunc
692 1835 814 1901 quoque
835 1836 893 1879 rex
913 1814 945 1879 in
966 1815 1121 1902 privatam
1145 1838 1215 1905 per·

120 1935 223 1978 aonam
240 1911 359 1978 recidit

192 2013 284 2076 Xlll.
337 2012 442 2092 Sexto,
473 2013 498 2078 si
536 2035 594 2079 rex
636 2023 757 2100 partem
792 2014 909 2079 habeat
941 2013 1051 2079 summi
1083 2013 1216 2100 imperii,

120 2114 268 2199 mpartem
297 2111 428 2178 alterum
454 2112 585 2202 populus
606 2123 662 2179 aut
687 2123 821 2190 senatus,
850 2112 920 2201 regi
944 2111 976 2176 in
1004 2122 1126 2199 partem
1154 2135 1216 2178 non

120 2285 144 2329 in
158 2284 246 2330 librum
262 2297 298 2330 ιν.
316 2284 492 2331 Sententiarum
512 2284 578 2341 dicit,
595 2297 643 2330 non
766 2283 865 2328 Partem
875 2283 975 2327 uturum
981 2284 1084 2342 populus
1094 2288 1136 2329 cut
1148 2298 1216 2330 seno-

120 2373 188 2420 posse
202 2360 318 2420 populum
336 2374 352 2406 a
368 2374 394 2406 se
411 2360 520 2405 abdicare
536 2364 644 2419 potesta-
693 2357 739 2418 tao]
762 2357 905 2417 Exemplum
922 2357 995 2403 habes
1010 2358 1034 2402 in
1052 2358 1163 2404 Genuate
1179 2372 1216 2404 re-

120 2441 169 2481 tem
181 2434 330 2482 destituendi
343 2433 461 2493 Principis
475 2435 500 2479 iu
514 2447 580 2487 casu,
595 2446 644 2492 quo
693 2433 789 2493 publice
808 2433 873 2492 apud
889 2432 1001 2478 Biaarum
1015 2432 1077 2478 libro
1092 2444 1170 2479 xvrrr.
1192 2434 1216 2478 in

120 2510 150 2555 ad
161 2509 347 2556 destructionem
359 2515 483 2569 vergeret:
499 2508 563 2568 quod
580 2521 645 2554 eom-
694 2507 808 2555 Bohemia
816 2514 924 2566 tempore
934 2508 1067 2554 Weneeslai
1078 2507 1155 2568 [apud
1163 2509 1218 2555 Du-

121 2586 190 2632 mode
200 2584 296 2645 explica
305 2599 335 2631 ex
350 2583 394 2641 hir,
410 2597 464 2643 qum
479 2583 524 2630 hoc
539 2584 592 2629 loco
607 2583 644 2629 di·
693 2581 770 2641 brav.]
795 2581 912 2629 ffutorm
932 2583 993 2629 libro
1008 2595 1036 2631 x.
1066 2584 1137 2631 Adde
1153 2586 1217 2630 Azo-

120 2667 213 2706 ountur.
694 2658 755 2704 num
770 2658 946 2704 Institutionum
966 2659 1098 2706 Moralium
1118 2659 1179 2706 libro
1195 2675 1217 2705 x.

164 2734 171 2766 ¹
181 2736 209 2783 Si
219 2736 263 2782 tor
273 2740 316 2782 aas
325 2734 369 2782 hoo
378 2733 519 2793 raserint]
541 2734 605 2780 Vide
617 2733 646 2780 de
693 2746 745 2792 cap.
760 2734 782 2779 8.
798 2738 823 2779 et
840 2733 995 2781 Lambertnm
1012 2735 1218 2795 schafnaburgen-

121 2825 190 2870 reqno
205 2810 348 2870 Arragonioe
363 2810 496 2856 Marianam
511 2809 573 2856 libro
586 2822 646 2856 sur.
693 2822 743 2854 sem
754 2809 782 2854 de
792 2808 898 2855 ilenrico
908 2809 952 2857 IV.

120 3066 229 3122 hended
243 3067 274 3120 in
288 3065 337 3121 the
351 3066 503 3138 authority.
548 3068 587 3120 As
606 3066 713 3121 Seneca
732 3083 795 3138 says
811 3066 840 3119 in
855 3082 872 3119 a
887 3066 992 3121 similar
1004 3082 1084 3130 cass;
1106 3066 1154 3121 We
1171 3085 1218 3120 ore

120 3163 145 3207 to
160 3155 220 3224 choy
231 3153 371 3226 ojotderr
389 3154 435 3207 but
451 3162 498 3207 eet
512 3153 543 3206 in
557 3153 596 3207 lu'a
612 3153 675 3207 wisi
689 3162 715 3206 to
730 3155 828 3207 decerne
840 3153 1031 3221 notescitur.

171 3239 224 3294 XI.
263 3238 408 3311 Fourthly,
424 3238 449 3292 it
464 3238 513 3293 the
528 3238 595 3309 king
610 3246 663 3303 act,
676 3238 743 3293 with
760 3257 778 3293 a
798 3238 886 3308 really
903 3237 1005 3291 hostile
1017 3236 1102 3297 mind,
1115 3235 1182 3290 with
1200 3254 1218 3289 a

119 3326 186 3381 view
205 3332 235 3380 to
255 3324 305 3380 the
322 3325 543 3380 destructiones
562 3324 611 3380 the
626 3324 716 3380 whole
737 3324 846 3396 peoplo,
862 3323 981 3392 Bnrclay
1004 3338 1065 3391 says
1088 3320 1150 3375 that
1167 3320 1217 3375 the

119 3412 251 3482 kingdom
268 3411 291 3465 is
309 3410 459 3476 forfeited3
477 3411 522 3467 for
537 3411 586 3466 the
604 3427 726 3482 purpose
744 3409 777 3463 of
790 3409 946 3479 governing
962 3406 1016 3460 sud
1032 3406 1081 3460 the
1095 3422 1216 3477 purpose

120 3497 152 3552 ol
162 3497 324 3570 destroyiug
338 3506 442 3552 cenum
457 3498 559 3552 subsist
573 3497 718 3566 together:
740 3512 770 3550 so
787 3494 849 3549 that
863 3493 900 3547 he
915 3493 976 3546 who
991 3492 1128 3564 professes
1145 3492 1217 3547 him·

119 3583 174 3639 sels
186 3584 235 3639 the
246 3600 348 3655 enemy
363 3584 396 3638 of
410 3584 459 3639 the
474 3583 562 3638 whole
573 3583 683 3655 people,
698 3584 756 3654 ipro
762 3583 850 3656 facto,
860 3579 1002 3634 abdicatos
1014 3578 1058 3633 his
1071 3579 1217 3651 kiugdom.

118 3670 175 3724 But
191 3670 248 3724 this
264 3686 317 3725 esu
328 3669 428 3741 hardly
442 3669 553 3742 happen
568 3670 598 3723 in
617 3687 634 3723 a
653 3686 755 3741 person
776 3668 809 3723 ol
823 3666 912 3722 souud
925 3666 1011 3729 mind,
1023 3665 1085 3720 who
1099 3683 1217 3737 goverue

119 3773 172 3812 ons
183 3756 286 3828 people
298 3756 373 3828 only.
397 3756 427 3811 If
436 3755 472 3810 he
483 3771 591 3827 govern
602 3757 710 3811 several
723 3755 846 3827 peoplos‚
858 3752 895 3808 he
907 3770 972 3824 may
984 3752 1051 3807 wish
1062 3760 1092 3807 to
1105 3753 1218 3824 destroy

119 3859 172 3898 one
192 3843 225 3898 ol
244 3841 323 3899 them
341 3843 385 3898 lor
404 3842 452 3897 the
473 3841 540 3897 sake
560 3843 593 3897 of
611 3842 738 3907 another,
760 3841 823 3897 that
843 3839 879 3894 he
903 3857 967 3912 may
988 3838 1077 3893 found
1096 3841 1217 3897 colonies

118 3928 205 3984 there.

170 4015 238 4071 ΧΠ.
285 4013 401 4086 Fifthly,
418 4013 444 4066 if
456 4013 506 4070 tho
520 4014 654 4084 kingdom
668 4013 704 4068 be
718 4012 860 4068 bestowed
871 4012 909 4083 by
921 4012 1099 4067 commission
1113 4013 1186 4068 from
1201 4031 1218 4066 a

119 4102 260 4173 superior3
278 4101 335 4155 and
349 4100 374 4153 if
386 4099 434 4155 the
445 4100 514 4172 king
528 4101 619 4156 either
633 4101 747 4156 commit
761 4101 856 4171 felony
871 4100 980 4170 against
992 4099 1041 4154 the
1052 4099 1113 4153 lord
1126 4099 1159 4152 of
1170 4098 1218 4153 tho

120 4187 176 4251 een
191 4202 223 4242 or
242 4186 270 4242 if
283 4186 365 4241 there
380 4185 417 4242 be
437 4203 455 4241 a
472 4187 566 4242 clause
578 4188 608 4240 in
622 4187 671 4241 tho
683 4194 774 4256 grant,
785 4187 847 4242 that
865 4186 891 4240 if
907 4185 956 4241 tho
970 4185 1039 4256 king
1053 4184 1090 4237 do
1108 4199 1139 4238 so
1161 4182 1218 4238 and

117 4289 158 4337 so,
172 4272 215 4328 his
228 4273 349 4344 subjecte
363 4288 413 4328 are
426 4273 552 4330 released
565 4274 639 4327 from
653 4272 754 4328 thetis
769 4274 802 4328 of
815 4273 986 4337 obedioncc;
1008 4271 1075 4326 then
1090 4269 1149 4323 also
1168 4268 1218 4324 the

115 4361 184 4433 king
196 4359 262 4417 falls
275 4359 347 4416 back
362 4359 424 4415 into
438 4376 457 4415 a
467 4359 579 4431 private
589 4375 700 4431 person.

169 4446 254 4503 Xlll.
293 4445 413 4519 Sixthly,
432 4445 460 4500 il
474 4443 523 4501 the
539 4445 608 4517 king
625 4443 696 4501 have
710 4461 728 4499 a
741 4450 806 4516 part
821 4443 888 4514 only
906 4443 940 4499 of
957 4441 1007 4499 the
1026 4440 1218 4514 sorereignty,
