2866 4906
137 254 205 310 cn.
220 248 290 323 ni]
402 253 530 310 annin
550 251 705 308 menan
725 253 967 313 axruioimc
1174 248 1234 312 161

133 417 262 494 feudali,
279 417 335 484 scd
352 439 424 506 qum
439 439 480 484 ex
496 417 660 487 antedictis
674 419 764 486 facile
781 421 859 487 solvi
875 430 988 510 potest
1029 422 1111 489 Nam
1129 423 1162 489 in
1178 425 1237 491 hoo

134 526 307 595 contractu,
339 517 395 605 qui
415 516 561 606 proprius
584 529 632 585 est
658 520 914 587 Germanicarum
941 522 1098 605 Gentium,
1133 545 1236 611 neque

135 638 266 706 nsquam
282 615 451 695 iuvenitur,
471 617 530 682 nisi
544 618 598 685 ubi
614 619 763 685 Germani
778 621 868 686 sedes
884 631 1064 708 posuerunt,
1085 622 1148 689 duo
1164 632 1237 692 suut

134 717 371 794 consideranda,
396 715 544 806 obligatio
561 719 741 805 persontdis,
765 728 798 784 et
807 719 861 806 jus
876 719 909 785 in
926 744 1004 788 rem.

209 819 232 884 2
268 815 428 904 Obligatio
445 817 617 904 personalis
633 819 742 884 cadem
759 828 817 896 est,
833 819 899 885 sive
915 820 984 907 quis
998 821 1098 908 ipsum
1111 821 1164 911 jus
1180 821 1236 888 im-

134 914 276 1006 perandi,
302 914 368 982 sive
384 915 470 982 aliud
485 915 609 1005 quidvis
628 917 725 984 etiam
741 917 816 985 alibi
832 917 925 985 situm
942 920 1028 986 feudi
1045 921 1120 1008 jure
1138 923 1236 1010 possi-

136 1017 219 1083 deat
264 1015 352 1082 Talis
370 1023 475 1081 autem
498 1014 648 1105 obligatio
669 1016 750 1083 sicut
774 1016 899 1105 privato
920 1041 984 1085 nou
1005 1030 1076 1087 erat
1091 1021 1237 1089 damtuna

134 1114 188 1203 jus
211 1114 365 1182 libertatis
390 1113 569 1201 personalis,
592 1114 639 1180 in
662 1137 720 1181 uec
745 1115 813 1206 regi
837 1127 894 1184 aut
919 1118 1033 1207 populo
1059 1119 1112 1206 jus
1138 1120 1238 1187 demit

136 1213 247 1280 summi
259 1213 392 1302 imperii,
409 1235 480 1299 qum
492 1211 621 1280 libertas
634 1223 683 1280 est
698 1213 804 1282 civilia
849 1217 941 1294 Quod
956 1218 1149 1304 apertissime
1165 1241 1238 1285 con-

136 1312 213 1401 spici
231 1313 328 1380 datur
348 1311 382 1378 in
397 1311 500 1378 feudis
515 1311 630 1391 liberis,
656 1335 727 1400 qua
744 1315 868 1381 Frauca
891 1325 1015 1394 vocant,
1043 1319 1130 1403 ¹quae
1151 1318 1236 1384 nullo

131 1409 206 1500 jure
226 1410 261 1478 iu
280 1433 358 1490 mm,
392 1411 426 1477 iu
447 1410 512 1477 sola
539 1413 694 1499 personali
717 1413 905 1501 obligatione
930 1415 1108 1482 consistunt
1155 1417 1238 1484 Haec

137 1511 221 1578 enim
237 1510 314 1577 nihil
332 1519 404 1577 sunt
420 1509 505 1576 aliud
520 1532 613 1597 quam
638 1511 757 1598 species
774 1513 900 1579 ioederis
916 1512 1091 1601 inaequalis,
1117 1515 1157 1582 de
1173 1537 1236 1604 quo

136 1609 267 1699 egimus,
292 1631 355 1698 quo
369 1608 452 1676 alter
466 1608 560 1676 alteri
584 1631 713 1698 operam
728 1612 901 1699 pollicetur,
924 1614 1006 1679 ulter
1022 1614 1115 1682 altori
1130 1616 1237 1703 prasi·

133 1709 221 1776 dium
253 1718 288 1778 et
314 1709 454 1777 tutelam.
499 1709 587 1775 Pone
614 1710 719 1776 etiam·
742 1711 894 1778 adversus
923 1734 1030 1780 omues
1055 1716 1237 1802 promissam

134 1884 316 1948 enixissime
336 1886 473 1944 devilem,
499 1883 592 1945 φόροιι
615 1885 661 1944 μὶν
710 1883 760 1946 ipsi
769 1886 884 1947 punirent
900 1887 1024 1936 secundm
1038 1903 1114 1936 morea
1131 1890 1237 1950 patrios.

136 1961 270 2010 φιλοῦνται
292 1967 349 2010 wia
372 1961 523 2020 βοσιλιῦσιν
552 1958 660 2006 iamai·
711 1960 1238 2024 Tom.vr.pag.818.Ed.Sucil.Helcautem,

136 2036 177 2083 tal
186 2037 247 2084 vobs
262 2034 323 2097 παρ’
334 2036 434 2084 dualem
445 2035 572 2096 ἄρχονται
586 2034 660 2095 dexi·
711 2035 753 2082 ubi
764 2041 808 2093 ut,
818 2043 874 2083 τοῖς
883 2037 1034 2096 βασιλεῦσιν
1044 2037 1141 2084 incedo
1152 2038 1237 2098 legen-

136 2128 213 2170 μενοι.
245 2110 386 2173 Τᾶλλοχοῦ
407 2111 433 2158 di
454 2115 510 2158 noia
533 2110 602 2157 idiota
620 2127 661 2156 κε·
711 2111 769 2157 dum
787 2113 882 2158 abacia:
897 2112 1097 2172 quomadmodum
1112 2118 1178 2159 recte
1193 2113 1238 2158 ob·

136 2185 252 2246 xpeypioot
265 2185 357 2244 νόμοιι,
371 2184 412 2232 nul
427 2186 486 2232 robe
499 2185 561 2244 παρ’
575 2185 662 2231 αὐτοῖς
711 2186 814 2231 servam
828 2186 920 2232 Dasio.
932 2186 1081 2242 Ennianus,
1095 2183 1136 2231 De
1149 2186 1238 2232 Rerum

134 2259 326 2320 ἁμαρτάνοντος
340 2259 408 2307 aava*
422 2260 456 2306 ru*
471 2259 569 2319 πάτρια
587 2257 662 2305 κολᾶ·
705 2260 811 2319 judicat.
829 2265 921 2306 auctor.
952 2260 1005 2306 Lib.
1017 2273 1045 2306 11.
1060 2273 1114 2319 cap,
1124 2259 1162 2318 16,
1172 2273 1237 2306 num.

135 2334 221 2395 (meo
243 2335 346 2396 νόμιμα·
372 2333 463 2393 Junci,
482 2349 512 2381 aa
531 2349 578 2395 quo
598 2338 661 2380 retro
712 2339 750 2382 11.
780 2336 830 2381 Res
845 2335 905 2395 ipsa,
919 2338 945 2381 et
964 2335 1036 2380 series
1054 2335 1177 2391 orationis,
1194 2334 1238 2379 do·

131 2411 196 2472 tini
210 2425 250 2459 ree
263 2425 344 2458 οοιιιιι
358 2425 452 2472 capere,
467 2411 575 2457 Romaene
590 2410 662 2456 attri-
712 2415 776 2463 cent,
795 2409 844 2469 agi,
860 2423 908 2454 uon
921 2409 951 2455 de
968 2408 1076 2469 Regibus
1090 2408 1238 2465 Judmorum,

134 2485 185 2532 aaa
200 2486 309 2546 inperio,
327 2499 400 2546 nepae
419 2486 445 2531 in
456 2486 539 2546 plena,
555 2490 582 2532 at
600 2491 663 2543 ante,
712 2485 796 2531 redde
807 2484 996 2544 imperatoribus
1008 2483 1183 2544 Bomanls,qui
1190 2485 1238 2543 βο-

135 2561 333 2608 mbica-tute:
343 2575 416 2622 nepae
423 2562 548 2618 mita,
555 2566 582 2607 at
590 2575 663 2616 nanc,
713 2559 794 2605 οιλιῖι
805 2558 896 2604 Graecia
906 2559 1053 2615 dicabantur,
1064 2558 1181 2618 atquibus
1189 2556 1237 2604 Ju-

135 2637 228 2685 onne’no
248 2637 318 2694 nerui,
339 2637 382 2683 aed
407 2635 526 2683 sociorum
549 2637 663 2683 matulo
712 2633 1052 2693 dmitnuctemporistsibuta
1062 2631 1219 2692 pendebant]

134 2710 323 2766 honorabantur,
331 2711 425 2773 rapidas
437 2713 488 2758 saie
502 2712 592 2758 tributa
602 2726 661 2771 pen·
757 2709 765 2739 ¹
782 2709 915 2756 Conlundit
938 2710 1031 2755 Auctor
1054 2707 1139 2754 Feada
1161 2707 1239 2754 libera

134 2784 220 2844 deda,
235 2790 259 2833 et
277 2785 309 2832 ab
324 2785 357 2831 iis
376 2785 517 2845 acdpientee
527 2786 661 2846 praefictoe.
712 2799 767 2832 cum
782 2785 854 2831 certis
870 2783 1010 2844 quibusdam
1026 2783 1110 2844 pectis,
1125 2796 1180 2842 qnae
1194 2782 1238 2827 lm·

136 2859 245 2909 Qun
259 2858 286 2905 in
294 2858 416 2920 plerisque
428 2860 479 2905 caia
491 2859 618 2905 nubantur
628 2859 662 2904 le·
712 2856 1238 2919 proprieFeudorantnomlueadpellatasunt

134 2935 211 2997 sibae,
220 2935 327 2984 itaatet
336 2935 492 2995 popularium
506 2934 663 2995 delinquentes
712 2934 744 2980 ob
761 2932 938 2980 similitudinem
958 2932 1085 2994 quamdam
1104 2929 1130 2976 in
1145 2929 1238 2976 exhibi-

132 3185 309 3253 cousidered,
330 3185 381 3241 the
402 3184 539 3241 Personal
560 3183 731 3256 obligatior,
756 3183 812 3238 end
837 3182 887 3238 the
910 3181 999 3254 Right
1022 3180 1055 3236 of
1074 3176 1146 3234 Rcal
1166 3179 1237 3231 Pro·

191 3363 210 3413 8
238 3356 301 3413 The
320 3357 457 3413 Personal
482 3355 644 3428 Obligation
659 3357 683 3412 ie
703 3356 754 3411 the
780 3371 866 3419 sama
882 3352 1009 3407 whether
1027 3366 1082 3420 any
1096 3363 1151 3402 one
1175 3342 1237 3412 [the

135 3444 273 3517 Superior
286 3441 375 3510 Lord]
387 3443 426 3514 by
440 3443 489 3498 the
505 3442 613 3497 Fcudal
630 3443 698 3496 Law
711 3457 850 3513 possesscs
865 3439 915 3494 the
929 3435 1017 3506 Right
1031 3433 1064 3488 of
1073 3431 1239 3496 command,

134 3544 169 3605 οι·
182 3546 240 3602 any
251 3529 335 3585 other
347 3529 444 3599 Right,
458 3544 525 3583 ovor
536 3545 554 3583 a
565 3528 647 3599 thing
658 3527 781 3582 situatcd
792 3532 823 3580 at
835 3543 853 3578 a
866 3525 993 3577 distance
1005 3519 1078 3572 from
1090 3517 1157 3572 him.
1195 3515 1235 3572 ds

132 3614 204 3671 such
219 3631 257 3670 an
269 3615 432 3686 Obligation
444 3614 536 3668 would
549 3620 600 3668 not
614 3614 681 3668 take
692 3629 770 3683 away
782 3611 831 3666 tho
846 3608 934 3681 Right
949 3606 982 3662 oi
992 3604 1123 3677 pcraoual
1134 3604 1238 3675 liberty

136 3695 179 3772 [iu
200 3700 253 3757 the
272 3715 375 3773 person
396 3701 506 3770 subject
527 3705 557 3754 to
578 3699 648 3754 such
667 3693 839 3766 command],
858 3711 890 3750 eo
913 3690 1024 3748 neither
1042 3690 1110 3745 does
1129 3691 1152 3744 it
1171 3690 1238 3744 take

132 3803 212 3859 away
232 3785 310 3842 from
330 3786 431 3857 akiug
451 3801 485 3841 or
506 3802 524 3839 a
544 3785 646 3856 pcople
667 3784 716 3839 the
730 3782 820 3854 Right
839 3781 872 3837 oi
890 3778 1082 3847 Severeignty,
1104 3774 1195 3830 which
1214 3774 1237 3830 is

131 3872 199 3928 civil
212 3871 325 3944 liberty.
369 3871 438 3927 This
453 3871 478 3926 is
496 3876 571 3926 most
585 3875 723 3941 apparent
738 3870 768 3921 iu
788 3868 870 3923 those
891 3866 964 3919 Free
986 3863 1062 3918 Fiefs
1084 3861 1174 3916 which
1188 3876 1238 3916 are

132 3958 227 4015 called
239 3957 340 4013 urana
358 3958 443 4031 diesi,
460 3955 551 4011 which
571 3957 675 4011 conaist
696 3954 785 4025 solely
799 3953 830 4006 in
849 3951 899 4006 the
917 3949 1052 4004 Personal
1068 3948 1239 4019 obligationi,

132 4043 254 4100 without
268 4060 325 4115 any
342 4043 433 4114 Right
446 4050 477 4097 to
495 4042 568 4097 Real
581 4043 730 4111 Property.
767 4040 824 4093 For
837 4037 918 4092 these
936 4052 985 4090 ere
1000 4035 1066 4106 only
1085 4051 1104 4088 a
1119 4033 1189 4088 kind
1208 4033 1242 4087 of

132 4129 259 4201 uuequal
273 4129 401 4193 aliiauoe,
413 4127 481 4183 such
496 4144 526 4182 as
538 4144 580 4182 we
592 4125 663 4180 haro
675 4126 783 4196 spoken
795 4124 845 4189 oi,
868 4124 897 4176 in
908 4120 998 4175 which
1011 4137 1065 4176 oue
1079 4128 1162 4192 party
1174 4136 1240 4190 pro·

132 4215 219 4270 misce
232 4221 264 4271 to
279 4214 329 4271 the
343 4213 427 4269 other
440 4212 496 4278 aid,
516 4208 573 4283 [ior
583 4213 718 4275 instance,
733 4211 858 4281 Military
874 4201 1006 4275 service]
1021 4207 1078 4260 aud
1094 4207 1143 4262 tho
1157 4204 1240 4259 other

131 4307 218 4374 party
232 4301 369 4373 promises
383 4300 548 4355 Protectiou
560 4298 617 4352 and
631 4296 849 4367 Guardianship.
894 4295 975 4349 Evon
996 4293 1022 4346 ii
1033 4291 1083 4348 the
1095 4291 1240 4348 condition

130 4385 170 4444 be
189 4386 240 4443 aid
251 4385 395 4460 promised
409 4381 459 4459 [by
474 4385 524 4441 the
543 4377 655 4452 Vaesel]
677 4383 787 4454 against
800 4398 877 4454 every
892 4381 975 4436 other
992 4385 1085 4451 party,
1105 4375 1194 4432 which
1214 4375 1240 4430 is

1097 4495 1139 4560 11

235 4547 373 4673 [eme]
