2866 4906
253 210 317 277 374
496 221 548 275 DE
570 221 845 287 ACQUISITIONE
867 223 1113 286 DERlVATlVA,
1224 221 1303 292 [bra.
1317 225 1356 280 11.

89 406 239 457 cumolo-
252 409 351 473 eaque
367 385 455 454 finita
470 409 603 475 regnum
616 387 720 453 redire
736 387 777 453 ad
794 387 951 474 populum.
996 387 1123 454 Curtius
1138 387 1221 454 libro
1237 409 1274 453 x.
1313 393 1357 456 Ia

252 491 362 555 ecdem
378 491 471 554 ἀοιηο
477 489 679 572 familiaque
695 489 827 574 imperii
837 490 922 554 circe
937 510 1146 554 recreaturus
1162 510 1251 555 aesc:
1269 491 1356 556 licre-

252 590 411 653 diturium
429 589 607 671 imperium
622 590 756 673 stirpem
771 589 896 672 rapiam
915 590 1185 654 vindicaturam:
1211 601 1357 656 camma

252 709 317 754 case
332 689 440 773 aptum
459 709 572 753 amaea
588 688 698 764 colere,
715 690 949 774 carcerique:
970 710 1028 755 acc
1043 709 1224 775 qtcccqaam
1241 690 1281 754 id
1300 711 1356 755 ca-

245 808 327 873 pere
343 788 411 852 aiei
423 788 567 872 penitam
581 799 619 851 ct
635 800 794 872 repserat.

251 935 252 938 ,
328 886 417 952 XVI.
465 885 582 963 Tertio,
605 907 645 951 ne
667 886 833 952 succedant
855 884 914 951 nisi
930 884 984 974 qui
1000 885 1067 953 nati
1088 894 1163 953 sunt
1183 887 1356 953 secundum

251 983 363 1072 patriae
375 985 480 1075 leges:
496 1006 559 1050 non
571 985 729 1051 naturales
739 993 871 1065 tantum,
889 986 963 1073 quia
976 987 1019 1053 ad
1031 993 1219 1053 contemtum
1232 995 1355 1074 patent,

252 1105 385 1170 quorum
401 1093 534 1151 matrem
550 1093 640 1172 pater
652 1085 738 1171 justo
750 1084 892 1173 conjugio
909 1085 1055 1174 dignatus
1071 1107 1134 1151 non
1148 1093 1207 1163 est,
1223 1093 1258 1152 et
1274 1108 1356 1173 praa

251 1191 340 1249 terea
355 1184 429 1270 quia
443 1183 543 1249 minus
564 1184 641 1250 certi
656 1184 830 1250 habentur:
852 1191 887 1249 at
903 1184 936 1249 in
956 1185 1061 1274 regnis
1077 1184 1206 1273 expedit
1238 1186 1354 1272 populo

250 1281 361 1348 haberi
377 1283 543 1349 maximam
564 1282 789 1361 certitudinem,
813 1304 884 1369 quta
901 1284 1010 1350 haberi
1023 1293 1127 1371 potest
1145 1285 1190 1351 ad
1206 1283 1355 1351 ιίιοιιὰιιι

251 1382 496 1449 controversias:
519 1404 590 1469 quae
606 1405 699 1448 causa
714 1381 775 1448 luit
788 1404 844 1447 cnr
861 1384 1047 1450 Macedones
1058 1383 1222 1450 Demetrio
1240 1383 1355 1450 minori

86 1500 237 1543 somna
250 1480 354 1568 potius
370 1503 462 1568 quam
476 1483 592 1547 Perseo
605 1481 714 1569 majori
728 1503 860 1571 regnum
873 1483 980 1549 deberi
995 1482 1252 1560 existimaverint,
1269 1483 1354 1570 qnod

250 1581 431 1647 Demetrius
446 1579 532 1669 justa
548 1580 781 1648 matrefamilias
800 1589 892 1647 natus
908 1590 998 1648 esset
1041 1584 1085 1649 Et
1098 1583 1184 1671 apud
1202 1581 1353 1649 Ovidium

251 1678 401 1768 legimus:

423 1781 463 1838 At
476 1799 513 1838 ne
527 1789 617 1856 nupta
630 1784 752 1855 quidem,
767 1784 888 1857 tedaquc
902 1790 1018 1858 accepta
1028 1785 1134 1857 jugalie

466 1869 532 1935 (tur,
546 1870 599 1926 nisi
614 1886 651 1925 ne
665 1887 779 1942 caperes
793 1888 880 1943 regna
893 1877 1012 1943 paterna
1025 1871 1147 1928 nothus?

251 1981 314 2050 Sed
330 2004 388 2048 nec
399 1982 547 2071 adoptivi,
564 1984 638 2073 quia
653 1985 799 2052 nobilitas
815 1985 940 2075 generis
955 2008 1030 2053 uere
1046 1984 1127 2075 regii
1142 1983 1245 2075 magis
1261 2006 1353 2053 rere-

248 2083 363 2150 rendcs
377 2083 472 2150 efficit
487 2106 588 2174 reges,
605 2083 764 2173 majorque
776 2086 817 2151 de
833 2085 878 2151 eis
894 2107 965 2172 spes
982 2085 1171 2174 concipitur:

78 2190 135 2276 {⁰¹-
146 2193 183 2233 ⁰4
192 2192 221 2233 iv.
463 2203 516 2258 Est
529 2204 560 2256 in
570 2205 707 2274 juvencis,
720 2205 807 2259 estin
821 2205 899 2276 equis
913 2209 1027 2278 patrum

462 2290 568 2345 Virtus.

320 2396 431 2463 XVII.
472 2398 639 2478 Quartum,
653 2406 689 2464 ut
703 2396 786 2462 inter
802 2419 864 2474 eos,
882 2396 936 2484 qui
953 2397 1072 2485 pariter
1088 2397 1122 2463 in
1135 2397 1349 2464 hereditatem

244 2495 494 2574 admitterentur,
512 2496 578 2563 sive
595 2496 668 2585 quia
682 2496 772 2562 unius
788 2504 861 2562 sunt
875 2496 1002 2585 gradus,
1019 2496 1085 2562 sive
1097 2497 1170 2585 qnia
1184 2496 1219 2562 in
1234 2518 1351 2585 paren-

289 2654 299 2690 ¹
311 2656 481 2716 Proeseraatur
492 2670 570 2702 murce
577 2653 690 2716 scrinia]
706 2655 769 2703 Vide
817 2654 917 2695 Mirum
925 2655 1007 2704 utrique
1018 2656 1084 2697 tolum
1096 2655 1187 2706 nablum
1198 2656 1240 2695 tuit
1251 2658 1273 2697 et
1284 2667 1351 2705 ςοοιιι

243 2730 354 2778 Nicetcm
366 2731 503 2778 thniatem
517 2731 640 2787 Mouui‘le,
655 2731 716 2778 libro
732 2744 769 2780 rr.
864 2729 936 2766 unum,

244 2804 318 2866 (Cap.
328 2805 364 2866 4.)
818 2780 1295 2829 Junuarmanamrnmquopeuaortum

286 2882 468 2940 tProeserctur
486 2884 545 2925 natu
559 2876 690 2936 mimus]
718 2879 769 2925 Ho-
817 2875 897 2935 (Vara.
916 2875 980 2934 att).
1013 2875 1061 2922 Ubi
1077 2876 1198 2935 sapienter
1216 2875 1348 2933 Homerus,

239 2967 320 3000 meme
331 2956 448 3014 deregno
459 2955 569 3000 Cretensi
579 2953 655 2999 Iliad.
673 2953 705 2998 N.
816 2957 845 2997 ιιι
857 2952 926 3008 solet,
939 2965 1035 2998 canem
1052 2952 1164 3008 reddidit,
1181 2965 1226 2998 cnr
1241 2953 1348 3012 majores

242 3041 313 3093 Ἧμώμ
325 3044 342 3083 a·
355 3043 506 3096 spamam„
517 3043 569 3094 tpcr
581 3043 648 3096 pem,
658 3041 689 3094 ,μ’
697 3042 720 3083 ῃ,
728 3042 768 3085 54,
817 3029 876 3071 natu
885 3026 910 3070 in
920 3027 1001 3086 regnis
1011 3026 1113 3085 praelati,
1127 3026 1248 3073 ιιιιοιιιοιιι
1258 3026 1305 3072 ieri
1314 3027 1346 3071 τὸ

291 3125 336 3161 τρη,
816 3099 1088 3159 aerumnarumque,
1100 3101 1125 3145 id
1135 3101 1200 3146 enim
1216 3101 1241 3146 in
1255 3101 1347 3146 talibus

241 3174 605 3230 Ἀλλᾶῑὼςπρότεροςγεγόνιικαὶ
614 3176 701 3219 πλείονα
710 3173 756 3230 ἤδη.
816 3172 919 3219 sufficitt
947 3174 994 3220 τοῦ
1018 3174 1092 3233 νόμον
1114 3176 1154 3234 τῷ
1175 3174 1345 3236 πρεσβυτέρᾳ

239 3421 348 3476 elected
362 3421 407 3476 for
421 3422 457 3477 its
472 3421 599 3492 nobility‚
617 3421 673 3475 and
690 3422 771 3477 when
788 3423 812 3478 it
828 3422 901 3489 falls,
922 3423 973 3479 the
989 3423 1124 3495 kingdom
1141 3427 1172 3478 to
1189 3427 1292 3478 return
1314 3429 1346 3479 to

237 3506 287 3562 the
301 3509 410 3578 people.
450 3508 488 3562 So
504 3507 625 3562 Curtius.
662 3502 752 3577 [Sca]

292 3592 374 3646 XVI.
408 3594 442 3646 In
456 3593 506 3648 the
520 3593 596 3647 third
611 3593 698 3664 place,
712 3593 775 3647 that
788 3608 862 3647 none
877 3590 996 3647 succeed
1007 3598 1106 3664 except
1120 3592 1201 3648 these
1215 3593 1280 3648 who
1294 3611 1346 3650 are

236 3676 308 3730 born
322 3678 472 3749 according
486 3686 516 3733 to
530 3679 580 3733 the
600 3679 666 3732 laus
681 3676 714 3732 os
724 3679 773 3734 the
789 3684 919 3749 country:
939 3681 990 3731 not
1001 3680 1114 3734 natural
1128 3678 1265 3743 children,
1279 3680 1345 3735 who

236 3777 285 3816 are
300 3777 373 3831 open
385 3767 415 3816 to
430 3769 583 3835 contempt,
600 3764 676 3818 since
690 3763 765 3819 their
781 3763 875 3818 father
896 3762 945 3816 did
966 3766 1018 3816 not
1035 3763 1118 3818 deam
1139 3764 1215 3818 their
1228 3765 1346 3820 mother

236 3846 343 3917 worthy
356 3847 390 3901 ci
400 3864 418 3900 a
429 3848 583 3919 legitimate
595 3849 740 3921 marriage,
752 3850 809 3904 and
819 3849 936 3912 besides,
945 3864 976 3902 as
984 3848 1069 3921 being
1078 3850 1132 3904 less
1144 3850 1259 3904 certain
1284 3851 1345 3906 For

236 3932 266 3985 in
288 3931 435 4003 kingdoms
452 3933 475 3986 it
496 3934 519 3987 is
538 3935 686 4004 expedient
704 3936 749 3989 lor
765 3935 814 3989 the
832 3935 934 4006 people
948 3934 1010 3987 that
1025 3935 1106 3990 there
1120 3935 1222 3990 should
1237 3935 1275 3991 be
1291 3937 1345 3992 the

235 4023 359 4088 greatest
377 4017 498 4089 possible
512 4020 658 4090 certainty,
675 4027 706 4074 tc
726 4021 808 4074 avoid
826 4020 1037 4075 controversias.
1077 4021 1115 4075 So
1131 4021 1296 4076 Demetrius
1311 4024 1344 4078 in

235 4104 374 4159 Macedon
389 4120 444 4157 was
460 4103 553 4168 taken,
569 4105 665 4159 rather
684 4106 753 4160 than
770 4107 898 4161 Perseus.
943 4105 981 4159 Sc
999 4121 1061 4176 says
1080 4107 1160 4162 Ouid.
1202 4106 1271 4161 Aleo
1288 4115 1345 4163 not

234 4190 365 4262 adoptive
385 4189 519 4253 children,
535 4188 654 4244 because
668 4190 717 4246 the
729 4191 848 4263 nobility
863 4190 955 4246 citha
970 4208 1035 4245 racc
1049 4192 1146 4247 makes
1160 4192 1242 4262 luinge
1259 4209 1344 4250 more

233 4276 410 4340 reverenced,
424 4275 479 4329 and
492 4281 571 4329 turns
583 4292 662 4329 more
676 4276 749 4347 hope
761 4283 790 4331 to
805 4277 891 4332 them.
929 4277 967 4331 So
982 4277 1101 4332 Horace.
1141 4272 1233 4347 [Sea]

288 4362 383 4416 XVII.
419 4362 453 4417 In
467 4361 517 4417 the
531 4359 628 4416 fourth
644 4361 732 4434 place,
749 4363 812 4418 that
830 4379 932 4434 among
950 4361 1031 4420 those
1047 4363 1110 4419 who
1131 4379 1181 4420 are
1197 4364 1344 4424 admitted
