2866 4906
134 235 203 291 (lar.
217 229 295 298 VIL]
417 232 508 294 QUAE
530 231 594 285 PIT
615 231 692 285 PER
714 230 857 296 LEGEM,
878 230 961 286 ETO.
1172 222 1237 288 387

131 397 307 485 postfacto
332 404 442 472 cessat,
465 393 525 460 nisi
547 394 632 481 quod
656 416 697 461 ex
721 416 815 461 sexus
843 391 1010 482 privilegio
1037 394 1239 481 suspenditur

130 498 164 563 in
188 492 351 583 cognatica
379 493 577 559 successione.
631 493 774 560 Obtinuit
799 494 867 558 haec
893 514 985 579 quam
1010 493 1144 560 diximus
1169 516 1237 560 seu-

130 595 231 662 tentia
252 594 286 659 iu
309 590 439 659 Perside
462 593 544 658 inter
571 594 691 680 Cyrum
716 597 766 658 zet
787 590 937 668 hreicam,
963 590 995 656 in
1020 592 1134 658 Judeea
1155 593 1238 659 inter

130 693 331 779 Antipatrum
357 691 493 757 Herodis
520 691 625 779 magni
653 690 749 756 filium
775 699 808 756 et
835 690 902 777 ejus
929 690 1065 767 iratres;
1089 691 1122 755 iu
1146 693 1392 795 Hau-gfff&

132 791 317 881 geriacum
344 789 455 855 Geissa
481 810 614 878 regnum
639 789 737 868 ediit;
764 798 797 855 et
821 788 854 855 in
878 789 1056 867 Germania,
1083 811 1146 855 non
1170 790 1237 856 sine
1251 801 1375 895 stett-

132 888 229 956 armis
245 898 360 966 umen,
377 887 477 955 ‘inter
494 888 641 955 Ottonem
659 887 794 975 primum
811 896 843 955 et
860 887 1041 954 Henricum.

210 988 335 1053 XXIX.
388 987 481 1065 Quod
501 995 607 1053 autem
628 989 752 1074 Spartae
774 986 866 1053 aliter
890 985 1006 1053 iactum
1029 986 1170 1076 legimus,
1194 1009 1235 1054 ex

133 1087 205 1176 lege
221 1085 350 1174 propria
366 1094 414 1152 est
429 1084 497 1172 ejus
519 1086 634 1172 populi,
651 1107 722 1171 qua
743 1087 783 1152 ob
800 1084 1013 1151 educationem
1030 1086 1131 1175 magis
1147 1108 1237 1153 accu-

134 1195 236 1252 ratam
258 1193 348 1250 natos
368 1182 514 1272 iuregno
538 1185 736 1271 preferebat
787 1184 875 1249 Idem
897 1184 1038 1250 accidere
1059 1185 1176 1272 poterit
1195 1209 1236 1252 ex

134 1283 283 1371 peculiari
303 1283 374 1370 lege
400 1283 559 1349 vestiturae
575 1283 744 1369 primaevae,
766 1282 793 1348 si
815 1282 980 1370 imperium
1001 1284 1093 1349 detur
1117 1284 1150 1348 in
1170 1284 1237 1350 feu·

136 1382 210 1448 dum
226 1381 343 1448 vasallo
360 1388 393 1447 et
409 1402 449 1446 ex
467 1403 505 1447 eo
519 1381 698 1447 nascituris:
725 1403 786 1468 quo
802 1390 988 1469 argumento
1003 1381 1095 1446 nixus
1113 1381 1237 1447 videtur

135 1479 230 1546 fuisse
252 1479 430 1545 Ludovicus
453 1479 603 1544 adversus
621 1478 796 1546 Galeatium
818 1480 949 1544 tratrem
971 1480 1003 1544 iu
1026 1479 1238 1547 controversia

136 1579 267 1645 ducatus
283 1577 531 1644 Mediolanensis.
583 1579 666 1643 Nam
682 1571 735 1643 bin
756 1577 885 1643 Perside
902 1580 1037 1655 Xerxes,
1058 1578 1112 1664 qui
1128 1587 1237 1645 contra

134 1677 266 1743 fratrem
291 1677 520 1743 Artabazauem
544 1675 680 1741 obtinuit
703 1698 845 1763 reguum,
873 1685 909 1742 ut
931 1677 1112 1743 Herodotus
1137 1686 1236 1755 notat,
1250 1695 1365 1739 mutua

69 1770 73 1777 ’
134 1776 274 1862 potentia
298 1775 421 1840 Atossae
444 1773 553 1840 matris
578 1773 678 1863 magis
703 1764 796 1860 quam
816 1774 890 1861 jure
915 1775 1022 1844 valuit.
1076 1775 1181 1862 Atque
1204 1775 1238 1841 in

135 1953 162 1995 et
183 1951 271 1996 Gemes
290 1953 361 1996 natus
381 1949 517 2009 imperanti,
537 1949 663 2009 praevaluit
711 1962 732 1995 e.
751 1950 788 1995 25.
809 1951 834 1994 et
851 1948 980 1994 Rationar.
997 1948 1063 1997 Part.
1081 1962 1109 1996 11.
1126 1949 1180 1996 Lib.
1196 1964 1237 1998 ιιι.

135 2025 269 2084 BaJaaetes.
299 2026 409 2071 Mariana
425 2026 488 2071 libro
503 2037 581 2071 xxsv.
595 2024 662 2084 (esp.
712 2037 733 2069 c.
751 2025 800 2082 10.]
831 2022 867 2068 et
890 2023 953 2068 forte
974 2037 1058 2070 verum
1080 2030 1117 2070 est
1136 2040 1239 2086 regnum

134 2099 197 2158 xxi.)
213 2099 385 2145 Constantinus
395 2099 477 2146 Duces
486 2099 613 2158 imperium
623 2112 661 2146 re·
711 2097 816 2143 Persidis
831 2098 972 2156 pependisse
982 2112 998 2144 a
1011 2100 1096 2159 populi
1110 2101 1238 2160 suffragiis,

135 2173 195 2234 liqui
215 2173 276 2230 liliis,
294 2186 395 2233 quorum
414 2173 463 2219 duo
482 2173 579 2232 privato
593 2177 663 2219 erant
711 2173 754 2218 sed
776 2172 840 2217 iutra
865 2181 964 2231 gentem
993 2173 1087 2232 regiam
1111 2176 1236 2221 conclusis.

135 2247 220 2308 geniti,
243 2247 329 2292 tertius
348 2245 595 2306 πορφυρογέννητος.
615 2247 663 2292 Ζο-
712 2245 774 2292 Nam
785 2246 809 2293 id
822 2246 852 2290 de
863 2245 994 2303 Arsacidis,
1006 2247 1047 2306 qui
1059 2247 1144 2293 Parthi
1160 2248 1239 2295 Persis

136 2334 214 2367 umas.
232 2319 299 2378 (Lib.
317 2332 395 2366 xvrrr.
412 2333 465 2379 cap.
483 2320 506 2367 e.
521 2319 570 2365 Ed.
587 2318 661 2380 Peg.)
711 2319 867 2378 imperavere,
884 2319 984 2365 tradidit
1008 2320 1151 2367 Ammianus
1175 2322 1238 2370 libro

135 2394 199 2442 Vide
217 2395 344 2441 Corsetum
359 2398 430 2442 tract.
445 2395 474 2441 de
489 2395 564 2442 Prole
574 2395 663 2454 Regali
712 2405 792 2441 xxur.
810 2392 843 2452 (c.
854 2393 876 2441 6.
892 2393 977 2452 petr.
993 2393 1042 2439 Ed.
1058 2394 1134 2442 Voles·
1152 2395 1238 2456 Grata)

135 2482 178 2518 111.
189 2473 265 2530 parte,
274 2469 406 2529 questione
415 2468 453 2515 26.
712 2468 777 2514 etde
788 2468 875 2525 Persis,
886 2469 927 2527 qui
937 2468 1020 2515 iisdem
1032 2469 1129 2517 Parthis
1143 2483 1238 2517 succu-

180 2543 237 2589 blo
251 2541 353 2590 Perside
363 2541 465 2602 Xerxes]
487 2542 663 2588 ImoetXerxi
711 2556 773 2599 sere,
790 2543 896 2589 Zonaras
916 2544 941 2590 in
961 2541 1070 2593 Justiuo.
1096 2544 1161 2606 [Lib.
1181 2559 1238 2595 xiv.

135 2618 215 2666 secius
224 2617 293 2677 regni
303 2617 382 2662 factus
394 2617 549 2672 Artaxerxes,
560 2630 609 2662 non
619 2629 662 2663 au·
712 2631 765 2677 cap.
784 2619 807 2664 o.
823 2618 865 2663 ubi
879 2619 904 2664 id
919 2622 1015 2665 tautum
1030 2620 1096 2677 dicit,
1107 2619 1238 2679 Cavadem,

135 2697 185 2739 tem
200 2691 288 2737 Darius
303 2693 329 2737 et
343 2690 483 2749 Hystaspes,
497 2688 605 2748 majores,
621 2690 663 2735 sed
712 2691 838 2738 Persarum
860 2693 965 2753 Regem,
985 2693 1099 2741 Chosrore
1123 2695 1173 2740 filio
1194 2709 1238 2741 suo

136 2771 193 2812 sute
203 2767 317 2824 adeptum
333 2764 458 2824 imperinm
473 2763 558 2823 geniti.
589 2763 663 2823 [Vide
711 2770 771 2812 natu
786 2767 884 2812 minimo
899 2767 1030 2814 destinasse
1044 2768 1179 2829 imperium,
1196 2784 1238 2816 ex·

137 2840 284 2896 Pramum,
304 2838 415 2885 Doctria.
440 2837 545 2896 reaper.
565 2836 619 2885 Lib.
635 2850 661 2886 x.
711 2839 784 2886 elusis
794 2840 849 2885 tiliis
859 2845 918 2887 natu
928 2840 1077 2902 majoribus]

137 3069 283 3125 excluded.
318 3069 376 3124 But
387 3070 417 3124 in
429 3069 485 3126 this
496 3071 566 3126 lrind
578 3072 612 3127 of
619 3072 785 3138 successies,
797 3089 835 3127 au
846 3079 1018 3147 expectency
1029 3090 1100 3131 once
1111 3077 1193 3148 given
1207 3085 1238 3133 to

136 3171 193 3226 any
201 3172 256 3210 one
268 3156 344 3225 gives
355 3154 414 3209 him
426 3173 444 3210 e
454 3156 538 3227 right,
549 3156 606 3210 and
618 3157 685 3212 does
695 3164 746 3211 not
755 3174 835 3212 cease
846 3159 884 3229 by
893 3177 948 3230 any
956 3160 1128 3230 subsequent
1139 3168 1238 3227 crent3

137 3246 238 3309 except
251 3239 315 3292 that
332 3240 362 3291 in
380 3255 398 3292 a
411 3241 539 3308 cognatio
556 3241 713 3295 successiou
732 3241 796 3295 itis
813 3243 971 3312 suspended
988 3243 1026 3313 by
1040 3243 1090 3298 the
1103 3245 1239 3316 privilege

138 3321 172 3375 of
187 3337 242 3376 ser
280 3320 341 3375 The
354 3323 468 3391 opinion
480 3322 572 3376 which
583 3340 625 3377 we
639 3339 688 3377 ure
699 3324 804 3394 stating
816 3324 950 3379 obtained
960 3326 990 3378 in
1002 3327 1101 3381 Persia
1112 3328 1240 3384 between

138 3405 228 3476 Cyrus
242 3404 300 3459 and
311 3404 423 3469 Arsica3
440 3406 470 3459 in
484 3406 577 3460 Judea
593 3406 721 3461 between
736 3407 894 3478 Antipater,
908 3407 957 3464 the
969 3425 1021 3464 son
1033 3410 1067 3465 of
1078 3411 1176 3466 Herod
1188 3412 1239 3469 the
1330 3418 1334 3425 '

138 3489 236 3555 Great,
250 3489 307 3544 and
318 3489 362 3544 his
374 3489 520 3555 brothers,
536 3491 566 3545 in
578 3492 723 3564 Huugary,
734 3492 816 3547 when
832 3494 931 3548 Geissa
944 3495 1013 3550 toolr
1027 3495 1076 3550 tho
1087 3497 1239 3567 kingdom

137 3575 196 3629 and
206 3576 236 3629 in
249 3576 400 3647 Germany,
411 3575 520 3647 though
531 3581 582 3632 not
593 3576 712 3632 without
723 3592 853 3634 recourso
864 3584 894 3633 to
906 3595 971 3646 war,
982 3579 1110 3636 between
1122 3582 1199 3638 Otho
1211 3583 1236 3640 L

137 3661 196 3716 and
207 3660 315 3730 Henry.

195 3745 308 3800 XXIX.
346 3744 408 3800 The
418 3746 477 3801 fact
487 3746 550 3801 that
560 3763 578 3801 a
589 3748 721 3803 different
732 3748 793 3802 rule
802 3764 858 3803 was
867 3749 998 3805 followed
1009 3756 1040 3806 at
1049 3751 1160 3824 Sparta,
1172 3770 1238 3826 pro·

137 3831 244 3888 eecded
260 3830 335 3885 from
347 3848 365 3885 a
379 3832 504 3902 peculias
516 3832 568 3888 law
581 3833 615 3888 of
629 3833 692 3888 thet
706 3834 816 3907 pcople,
833 3834 924 3890 which
935 3853 973 3891 on
986 3845 1106 3892 account
1117 3840 1152 3893 of
1163 3838 1240 3895 their

136 3917 296 3981 education,
309 3917 454 3987 preferred
466 3916 546 3972 those
557 3918 622 3974 that
631 3935 704 3974 were
714 3919 786 3974 born
798 3920 828 3973 in
840 3919 889 3976 the
900 3922 987 3992 reign.
1013 3922 1074 3978 The
1084 3941 1162 3980 same
1173 3940 1240 3997 may

136 4004 203 4059 tale
211 4003 293 4075 place
304 4001 343 4075 by
353 4019 371 4055 a
381 4001 507 4072 peculiar
512 4003 580 4058 Law
590 4003 624 4058 of
633 4004 682 4059 the
692 4006 833 4075 primitive
845 4006 1017 4072 investitura,
1026 4008 1052 4062 if
1060 4009 1109 4064 the
1118 4025 1240 4080 govern-

136 4094 216 4143 ment
227 4089 263 4143 be
274 4088 356 4159 ςίνοη
365 4104 396 4143 as
408 4087 522 4143 adesto
534 4106 552 4143 a
561 4089 652 4144 vassal
660 4089 717 4144 and
727 4090 772 4145 his
781 4091 928 4165 offspring:
942 4108 979 4147 ou
988 4093 1079 4148 which
1090 4099 1240 4164 argument

136 4172 279 4228 ludovico
291 4190 380 4229 seems
392 4179 422 4228 to
433 4172 505 4229 here
512 4175 599 4230 relied
610 4175 720 4245 against
732 4176 867 4232 Galeasro
877 4178 921 4233 his
932 4177 1057 4242 brother,
1068 4179 1098 4231 iu
1109 4177 1160 4233 the
1172 4195 1239 4234 con-

138 4262 265 4328 troversy
279 4259 437 4331 respecting
448 4258 497 4314 the
509 4259 652 4317 dukedom
664 4260 697 4315 of
705 4261 802 4316 Milan.
827 4264 884 4318 For
896 4264 925 4317 in
934 4264 1040 4327 Persia,
1052 4263 1162 4318 Xerxes
1176 4264 1239 4318 who

139 4340 272 4397 obtained
283 4343 331 4398 the
342 4344 477 4416 kingdom
489 4347 598 4417 against
606 4345 650 4402 his
659 4346 776 4403 brother
785 4346 974 4404 Artabazanes
985 4349 1063 4404 owed
1074 4349 1118 4404 his
1130 4364 1239 4406 success

1024 4447 1138 4511 25-a
