2866 4906
241 185 307 252 tta
489 196 542 250 ΒΕ
563 193 839 259 acumsmond
863 192 1094 250 ORIGINARIA
1214 192 1290 263 [Lm.
1301 196 1344 253 11.

242 361 297 428 sed
316 362 432 428 factum
448 381 511 426 non
527 359 725 427 rescindunt:
748 358 847 446 qualis
864 368 934 426 erat
952 358 1006 426 lex
1022 359 1136 435 Oineia,
1155 381 1229 445 qua
1246 358 1347 448 supra

242 470 361 527 certum
377 459 502 526 modum
519 459 637 525 donare
652 459 790 535 vetabat,
809 458 957 524 donatum
973 458 1254 548 nonrescindebat.

81 586 219 626 amno.
317 562 338 624 2
374 559 493 625 Scimus
510 559 593 645 apud
607 560 765 623 Romanos
781 567 889 643 postea
902 558 1345 648 Theodosiilegeindnctum:

78 633 219 683 ΗΜ
245 667 281 726 ut
301 658 327 723 si
352 657 426 744 quid
445 658 498 722 lex
520 657 715 744 prohibuerit
732 665 863 732 tantum,
886 678 950 722 non
971 657 1066 723 etiam
1083 657 1258 744 specialiter
1272 658 1345 723 dix·

244 757 306 823 erit
324 756 433 823 inutile
454 777 522 821 esse
543 756 659 822 debere
675 755 758 841 quod
775 754 1016 822 contrafactum
1033 764 1091 832 est,
1113 756 1147 821 id
1167 756 1268 842 ipsum
1292 765 1345 822 ta·

245 877 316 921 men
332 877 461 931 cassum
478 853 596 930 inutile,
614 875 652 920 ae
668 875 726 942 pro
742 854 857 919 infecto
874 854 923 931 sit,
940 854 1084 920 nimirum
1102 854 1175 919 siin
1187 854 1342 940 judicium

244 976 296 1020 res
316 953 480 1020 deveniat:
505 953 561 1018 sed
583 953 650 1018 haec
672 952 811 1019 extensio
833 975 896 1018 non
917 952 954 1019 fit
975 975 1015 1019 ex
1031 953 1063 1017 vi
1084 953 1178 1019 solius
1201 954 1344 1040 prohibi-

244 1053 346 1130 tionis,
373 1051 429 1118 sed
451 1073 491 1118 ex
507 1051 539 1116 ri
555 1051 753 1140 novaelegis,
775 1072 869 1136 quam
893 1051 947 1117 alii
971 1051 1077 1138 populi
1102 1051 1189 1138 sequi
1214 1074 1344 1119 necesse

243 1174 305 1218 non
322 1151 449 1218 habent.
501 1151 593 1237 Saepe
613 1149 695 1216 enim
717 1149 892 1215 indecentia
916 1158 964 1217 est
980 1150 1079 1236 major
1101 1152 1134 1216 in
1156 1159 1229 1216 actu
1245 1171 1342 1237 quarn

243 1251 277 1316 in
293 1250 469 1317 effectibus:
496 1253 602 1336 usaepe
624 1249 718 1314 etiam
741 1248 943 1326 incommoda,
967 1271 1037 1335 quae
1058 1249 1269 1316 rescissionem
1291 1272 1343 1316 se-

242 1357 389 1436 quuntur,
407 1348 526 1436 majora
542 1370 636 1435 quam
652 1347 720 1436 ipsa
735 1347 917 1427 indecentia,
935 1359 991 1415 aut
1004 1348 1229 1415 incommodum
1252 1359 1342 1416 actus

242 1470 347 1534 ipsius.

318 1548 424 1613 XVII.
476 1546 726 1613 Consociationes
750 1557 867 1634 praeter
893 1549 974 1614 hanc
1003 1545 1136 1614 maxime
1163 1548 1342 1614 naturalem

241 1653 314 1711 sunt
331 1655 363 1710 et
378 1646 457 1723 aliae,
479 1654 546 1711 tum
562 1640 703 1732 privatae,
721 1655 787 1712 tum
804 1646 952 1732 publica:
978 1655 1011 1714 et
1031 1646 1082 1711 hae
1095 1646 1219 1732 quidem
1235 1658 1293 1714 aut
1307 1648 1343 1713 in

240 1744 399 1830 populum,
415 1753 472 1810 aut
486 1766 526 1808 ex
543 1742 671 1830 populis.
714 1744 844 1812 Habent
859 1755 964 1810 autem
979 1767 1084 1811 omnes
1096 1745 1155 1810 hoc
1168 1767 1341 1823 commune,

241 1842 325 1927 quod
351 1841 384 1906 in
410 1842 448 1908 iis
472 1842 566 1907 rebus
591 1842 631 1908 ob
649 1864 726 1929 quas
752 1842 935 1910 consociatio
957 1865 1089 1931 quaeque
1114 1843 1258 1911 instituta
1280 1854 1340 1922 est,

240 1939 434 2016 universitas,
459 1950 491 2007 et
512 1940 579 2025 ejus
600 1962 674 2027 pars
693 1941 792 2029 major
816 1942 940 2008 nomine
962 1941 1172 2009 universitatis
1198 1942 1342 2032 obligant

77 2036 219 2125 {my
240 2031 378 2131 singulos
395 2038 448 2126 qui
464 2049 537 2105 sunt
553 2038 587 2106 in
602 2039 757 2105 societate.
810 2040 945 2107 Omnino
961 2041 1044 2107 enim
1064 2062 1102 2106 ea
1118 2041 1275 2107 credenda
1291 2051 1342 2110 est

239 2137 333 2205 fuisse
350 2137 494 2205 voluntas
515 2139 548 2204 in
570 2137 746 2205 societatem
769 2140 952 2216 coeuntium,
976 2148 1013 2206 ut
1031 2139 1112 2205 ratio
1133 2138 1238 2226 aliqua
1257 2149 1342 2207 esset

239 2236 426 2324 expediendi
452 2237 595 2326 negotia:
632 2245 680 2302 est
704 2247 809 2303 autem
834 2238 996 2304 manifeste
1021 2239 1169 2323 iniquum,
1200 2247 1236 2305 ut
1262 2258 1340 2326 pars

240 2335 339 2423 major
361 2345 512 2422 sequatur
534 2335 703 2402 minorem:
728 2358 826 2423 quare
852 2336 1048 2414 naturaliter,
1074 2336 1219 2402 ¹seclusis
1239 2337 1341 2423 pactis

238 2456 276 2501 ac
297 2433 427 2523 legibus,
457 2456 528 2521 quas
557 2433 690 2500 formam
716 2435 886 2502 tractandis
908 2436 1041 2524 negotiis
1064 2435 1236 2522 imponunt,
1264 2457 1343 2523 pars

283 2608 763 2671 ¹¹Sepsetiarms‘acooouoda,pseurescis-
813 2616 838 2659 et
848 2611 871 2657 in
881 2611 1027 2658 bibliotheca
1037 2612 1208 2671 Apollodorus.
1241 2613 1341 2672 (Liba.

237 2687 323 2733 donem
334 2691 467 2746 sequamur,
479 2685 573 2742 majora
582 2698 653 2744 quara
661 2685 716 2743 ipra
725 2686 764 2729 in-
813 2698 834 2731 o.
844 2685 867 2732 9.
883 2683 898 2744 ξ
910 2685 963 2742 25.)

237 2759 353 2820 manac]
379 2761 438 2806 Ideo
456 2775 499 2806 rex
519 2760 637 2806 Alcinous
653 2761 762 2805 Medeam
857 2768 869 2791 ¹
884 2759 1222 2821 Secluoiapartisaclegibw]
1238 2762 1274 2809 Ut
1284 2775 1341 2821 qun

238 2837 306 2883 reddi
315 2837 411 2883 volebat
421 2836 491 2895 patri,
501 2836 521 2880 si
531 2835 647 2880 deflorata
656 2835 762 2880 nondum
812 2833 897 2879 volunt
910 2835 970 2879 duas
980 2840 1061 2893 partes
1076 2836 1229 2892 concordare,
1244 2841 1273 2881 ut
1283 2837 1341 2893 ab,

238 2916 307 2957 esset
328 2911 440 2956 Meminit
450 2909 593 2968 Apollonius
607 2909 761 2966 Argonautis,
812 2906 978 2953 deElectione.

238 2986 311 3045 (vers.
322 2982 501 3043 1316,ctseqq.)
512 2981 760 3040 etejusSoholiastes:
855 2991 866 3025 t
883 2982 954 3042 Quod
969 2984 1080 3042 pluribus
1100 2984 1176 3030 cisum
1195 2984 1224 3030 id
1242 2985 1339 3048 calm]

295 3268 312 3316 2
338 3261 507 3316 Asterwnrds
519 3262 600 3318 there
614 3279 669 3317 was
683 3280 701 3317 a
715 3260 767 3316 law
783 3262 815 3317 of
824 3262 996 3317 Theodosius
1011 3263 1102 3326 made,
1116 3261 1179 3318 that
1189 3261 1214 3316 if
1223 3262 1272 3318 the
1284 3264 1339 3318 law

236 3346 293 3402 had
305 3348 372 3420 only
386 3347 547 3420 prohibited
558 3365 576 3402 a
591 3348 678 3420 thing,
692 3349 747 3402 and
760 3348 816 3402 had
831 3353 881 3403 not
895 3349 1027 3420 specially
1041 3350 1101 3402 said
1113 3348 1177 3403 that
1192 3348 1266 3403 what
1280 3366 1338 3404 was

237 3434 310 3489 done
325 3435 354 3486 in
370 3434 574 3488 contradiction
595 3435 628 3488 of
642 3436 665 3488 it
680 3451 734 3488 was
750 3433 823 3498 void,
838 3441 886 3503 yet
903 3433 1028 3488 that·the
1046 3434 1126 3504 thing
1144 3450 1175 3488 so
1191 3434 1265 3489 done
1280 3452 1337 3490 was

236 3519 305 3582 null,
320 3518 392 3583 void,
411 3518 466 3572 and
483 3520 515 3573 of
534 3534 571 3572 no
586 3519 685 3583 effect;
708 3519 770 3574 that
784 3520 816 3582 is,
832 3519 858 3572 if
869 3518 918 3573 the
932 3526 1036 3573 matter
1055 3536 1133 3573 came
1147 3519 1208 3573 into
1222 3536 1240 3572 a
1255 3527 1338 3575 court

236 3603 271 3657 of
277 3604 388 3672 justice.
423 3603 480 3657 But
494 3603 550 3658 this
563 3621 616 3658 was
631 3606 726 3658 notin
741 3605 831 3658 virtue
846 3604 878 3658 of
890 3604 938 3658 the
952 3604 1123 3676 prohibition
1136 3604 1226 3667 alone,
1241 3604 1294 3658 but
1305 3602 1342 3659 cf

237 3687 286 3742 tho
298 3704 359 3741 new
374 3689 455 3752 Law3
470 3689 526 3741 and
538 3689 606 3743 such
621 3708 639 3745 a
653 3689 714 3744 rulo
730 3689 812 3744 other
824 3691 935 3743 nations
950 3706 998 3744 are
1013 3695 1063 3743 not
1078 3689 1173 3743 bound
1185 3696 1215 3742 to
1229 3688 1335 3743 follow.

236 3774 294 3826 For
309 3771 387 3825 often
402 3772 451 3826 the
471 3773 623 3846 iudoconoy
640 3776 668 3828 in
684 3774 733 3829 the
747 3781 793 3829 act
808 3776 831 3828 is
844 3782 957 3845 greater
972 3774 1041 3828 than
1055 3776 1085 3828 in
1100 3774 1149 3829 the
1164 3774 1338 3844 subsequent

237 3857 337 3920 offect3
360 3857 416 3910 and
434 3856 512 3911 often
530 3858 580 3912 tho
599 3846 831 3915 inconseniences
843 3859 933 3914 which
950 3860 1044 3914 follow
1062 3861 1111 3914 the
1128 3859 1288 3929 rescinding
1305 3860 1341 3914 of

237 3942 287 3996 tho
308 3946 354 3995 act
374 3957 423 3996 are
438 3948 550 4012 greater
570 3943 640 3999 than
658 3945 708 4000 the
726 3947 879 4016 indecency
891 3962 923 3999 or
935 3947 1150 4001 inconvenience
1171 3944 1203 3999 of
1220 3943 1269 3998 the
1288 3952 1339 4000 act

237 4026 322 4083 itself.

287 4107 382 4167 XVII.
414 4112 528 4166 Besidos
543 4113 688 4184 marriage,
696 4115 825 4171 thomost
833 4116 945 4170 natural
954 4114 986 4170 of
991 4114 1189 4187 partnerships,
1197 4113 1278 4168 there
1287 4131 1339 4170 are

236 4196 340 4261 others,
351 4197 421 4252 both
433 4199 541 4268 privato
550 4199 605 4251 and
614 4200 724 4269 publio;
736 4202 792 4255 and
803 4201 884 4262 those
898 4202 991 4265 latter,
1003 4202 1093 4256 either
1101 4198 1293 4270 partnerships
1306 4202 1339 4253 ia

231 4279 367 4356 populum
384 4301 417 4337 or
430 4302 462 4337 ca
477 4283 593 4354 populis.
620 4285 665 4337 All
677 4287 870 4359 partnerships
885 4287 955 4341 have
967 4287 1022 4341 this
1035 4288 1064 4340 in
1076 4301 1213 4349 common,
1230 4284 1293 4338 that
1306 4286 1339 4340 in
