2866 4906
134 242 199 298 ΟΑΡ.
213 237 266 307 11.]
326 239 380 295 AN
401 239 577 297 annulari
599 242 768 306 UNQUAM
789 243 944 299 JUSTUM
966 244 1033 299 SIT.
1191 239 1225 299 5]

200 410 222 473 3
258 408 433 474 Secundum
464 416 682 497 argumentum
712 408 832 496 prabet
865 409 953 476 nobis
982 409 1009 476 is
1037 409 1104 498 ipse
1134 409 1229 492 loeus,
1302 421 1337 470 11.

129 507 217 595 enjus
245 515 368 594 partem
396 507 567 584 citavimus,
593 508 636 574 ad
658 510 750 573 Rom.
775 509 840 574 xiii.
865 509 919 574 ubi
942 519 1081 596 potestas
1100 533 1230 589 summa,

129 606 230 693 qualis
247 615 295 672 est
310 606 409 694 regia,
426 627 447 672 a
463 608 533 672 Dee
550 629 617 672 esse
632 606 756 685 dieitur,
779 617 812 672 et
830 607 892 673 Dei
909 609 1063 674 ordinatio
1080 618 1230 688 voeatur;

130 706 214 771 unde
236 704 381 782 infertur,
408 705 437 770 ei
461 715 495 772 et
518 705 691 793 parendum
715 715 748 773 et
767 707 917 773 honorem
942 708 1175 787 exhibendum
1199 717 1232 775 et

131 805 256 891 quidem
272 826 314 869 ex
337 803 458 870 anime:
481 813 514 870 et
538 805 593 891 qui
617 805 647 870 ei
668 805 795 882 resistit,
814 828 884 870 eum
901 808 971 871 Dee
987 802 1143 873 resistere.
1197 807 1232 874 si

131 902 336 970 ordinationis
351 925 428 970 veee
447 925 499 969 res
520 902 758 992 intelligeretur,
788 925 882 990 quam
906 907 995 970 Deus
1021 914 1142 972 mnium
1169 928 1232 972 nen

131 1003 200 1068 vult
225 1001 388 1090 impedire,
409 1002 562 1088 quomode
587 1024 620 1068 se
644 1004 731 1068 Deus
756 1003 853 1068 habet
876 1004 957 1069 eirea
980 1013 1068 1070 aetus
1096 1004 1231 1081 vitiosos,

129 1100 195 1188 jam
210 1100 284 1167 inde
300 1100 387 1166 nulla
401 1101 538 1177 honeris,
563 1101 649 1166 nulla
669 1101 862 1177 obedientie,
888 1103 930 1167 ad
946 1102 1082 1168 animum
1099 1103 1233 1169 maxime

133 1199 327 1286 pertinentis,
343 1199 492 1288 obligatio
514 1209 716 1285 sequeretur3
744 1223 801 1265 nee
821 1200 983 1286 quiequam
1004 1202 1124 1268 diceret
1149 1204 1233 1288 Ape·

134 1298 241 1376 stolus,
263 1298 318 1365 ubi
340 1299 421 1364 hane
446 1306 631 1386 potestatem
659 1307 823 1385 tantopere
851 1299 1000 1385 praedieat
1029 1309 1125 1385 atque
1151 1322 1233 1373 eem-

135 1398 273 1475 mendat,
297 1397 379 1483 quod
405 1420 468 1463 nen
492 1397 661 1463 latrociniis
683 1407 716 1464 et
735 1398 827 1463 furtis
847 1398 1032 1464 conveniret
1085 1397 1234 1483 Sequitur
1307 1465 1343 1472 ,,

136 1517 226 1584 erge,
254 1504 291 1561 ut
313 1496 455 1562 ordinata
483 1498 552 1563 haeo
582 1506 721 1584 potestas
753 1496 912 1563 voluntate
947 1497 1008 1562 Dei
1040 1498 1234 1583 approbante

136 1592 347 1682 intelligatnr3
371 1595 455 1662 unde
482 1617 576 1682 porro
600 1595 743 1672 infertur,
773 1618 841 1660 eum
871 1597 958 1662 Dens
986 1596 1046 1661 sibi
1075 1595 1234 1661 contraria

135 1712 199 1757 nen
215 1692 300 1769 velit,
315 1693 396 1759 hane
410 1703 595 1781 potestatem
613 1717 682 1760 eum
700 1694 858 1760 voluntate
875 1695 936 1760 Dei
952 1717 1010 1781 per
1027 1695 1233 1783 Evangelium

135 1791 276 1858 revelata
292 1801 325 1858 et
341 1815 447 1859 omnes
464 1793 603 1876 hemines
620 1793 786 1880 obligante,
809 1816 871 1858 nen
887 1815 1036 1883 pugnare.

212 1893 233 1955 4
266 1890 378 1978 Neque
394 1892 520 1959 eliditur
544 1893 604 1957 hee
626 1901 843 1981 argumentum
866 1915 913 1970 ee,
936 1894 1020 1979 qued
1046 1891 1154 1980 quiin
1177 1892 1234 1958 im·

138 1988 232 2076 periis
249 1999 340 2056 mant
360 2012 397 2055 ee
418 1999 557 2077 tempere
580 2013 650 2057 eum
675 1991 743 2056 haee
766 1992 881 2057 Paulus
903 1992 1062 2069 scriberet,
1090 1992 1234 2058 dicuntur

133 2089 227 2154 alieni
240 2089 334 2155 fuisse
350 2111 371 2155 a
384 2090 563 2156 Christiana
574 2090 705 2177 pietatm
723 2112 795 2156 nam
810 2091 944 2177 primum
959 2090 992 2155 id
1003 2089 1050 2156 ita
1066 2091 1235 2157 universim

136 2209 245 2253 verum
277 2209 341 2253 nen
372 2197 429 2254 est
484 2190 567 2255 Nam
601 2188 741 2277 Sergius
766 2189 881 2254 Paulus
916 2188 1017 2275 (lypri
1051 2190 1235 2276 Proprieter

139 2285 264 2352 Christe
280 2308 392 2352 nomen
408 2286 529 2374 pridem
546 2287 686 2365 dederat,
704 2289 810 2352 Actor.
829 2286 891 2351 xiii.
912 2288 963 2351 12.
981 2295 1017 2351 ut
1029 2286 1095 2372 jam
1114 2298 1233 2352 taceam

136 2382 221 2470 quod
248 2385 289 2451 de
314 2387 561 2452 'Edessenerum
590 2407 666 2474 rege
693 2394 783 2451 vetus
816 2386 899 2450 lama
927 2384 1068 2460 tradidit,
1096 2384 1336 2480 nonnihilque

137 2485 219 2550 ferte
245 2483 323 2550 falso
349 2484 518 2571 inquinata,
544 2486 600 2551 sed
625 2495 660 2550 ut
683 2484 827 2550 videatur
850 2505 890 2548 ex
913 2505 988 2547 vere
1004 2481 1154 2571 originem
1172 2493 1235 2548 tra.
1249 2445 1389 2552 ripam

138 2582 224 2648 bere.
255 2584 377 2650 Deinde
393 2606 456 2649 non
473 2584 512 2650 de
529 2584 668 2671 persenis
685 2583 845 2669 quaeritur,
861 2602 902 2647 an
919 2581 1021 2668 impia
1037 2582 1163 2658 luerint,
1181 2583 1237 2648 sed

136 2702 177 2747 an
193 2682 249 2748 illa
263 2683 379 2749 lunetie
396 2682 504 2749 inillis
521 2682 617 2769 impia
632 2679 749 2749 luerit:
774 2682 857 2768 qued
881 2680 1009 2747 dieimus
1030 2682 1071 2748 ab
1088 2681 1238 2769 Apestele

137 2864 273 2912 repugnare
290 2851 465 2898 mmmetudini
486 2856 511 2898 et
530 2850 663 2898 elementia
712 2852 991 2913 Lib.11.eap.20.§12.
1021 2854 1094 2901 J.B.

139 2926 289 2983 Christiana,
314 2939 386 2986 qnam
411 2926 516 2975 bellum:
548 2927 619 2982 unde,
643 2928 663 2972 si
758 2927 963 2987 ’Edessevrorunj
979 2929 1025 2974 Est
1040 2928 1132 2974 Edessa
1145 2926 1170 2972 ln
1190 2926 1238 2973 Os-

137 3001 218 3061 priera
231 3005 313 3046 nmen
327 3000 408 3058 lieent,
422 3001 541 3060 posterius
552 3001 662 3047 illicitum
713 3005 792 3051 redae.
820 3002 914 3049 Nomen
939 3003 1031 3062 Abgari
1054 3003 1167 3062 frequens
1192 3002 1239 3049 illis

138 3088 255 3131 uenus,
269 3074 378 3121 effluitnr.
408 3075 471 3122 Vide
484 3089 539 3135 quse
553 3076 583 3122 de
598 3077 663 3136 oapi·
712 3077 779 3123 lueis.
803 3075 913 3137 Apparet
922 3092 952 3123 ex
963 3077 1073 3133 nummis,
1084 3077 1176 3131 Tseito,
1188 3079 1239 3135 Ap·

137 3148 226 3194 talibus
235 3147 359 3209 suppliciis
367 3148 467 3196 ulterim
474 3149 584 3196 dieantur
592 3150 664 3207 inira,
711 3151 978 3212 piane,1)ienatnmin
992 3151 1084 3212 pridem
1099 3151 1176 3207 editis,
1187 3155 1238 3198 tum

140 3385 246 3440 powers
265 3367 329 3424 that
348 3383 396 3422 are
410 3365 564 3430 erdained3
585 3366 641 3420 and
660 3365 732 3431 that,
752 3366 827 3421 from
848 3381 900 3420 eur
917 3363 1030 3428 hearts;
1047 3362 1104 3417 and
1122 3363 1186 3417 that
1203 3363 1240 3419 he

140 3455 202 3509 whe
213 3453 344 3509 resisteth
355 3451 405 3507 the
416 3469 511 3524 power
525 3451 655 3506 resisteth
666 3451 715 3507 the
727 3450 878 3505 ordinanee
894 3450 926 3503 os
936 3449 1008 3502 Ged.
1041 3449 1084 3520 By
1095 3449 1240 3504 ordiuaoee

141 3555 182 3594 we
202 3544 306 3594 eannet
320 3537 493 3593 understand
505 3537 611 3608 merely
626 3537 701 3591 what
716 3536 780 3591 Ged
793 3536 849 3589 will
868 3542 920 3589 net
934 3538 1060 3605 prevent,
1078 3550 1109 3588 as
1124 3534 1161 3589 he
1175 3551 1240 3605 per·

141 3626 206 3680 mita
223 3624 280 3679 bad
300 3624 424 3678 aetienm
448 3623 494 3677 fer
508 3622 577 3677 sueh
594 3623 759 3693 permission
771 3620 864 3675 would
877 3625 928 3674 not
940 3621 1047 3690 impese
1061 3636 1117 3690 any
1134 3620 1240 3691 obliga-

141 3711 200 3765 tien
212 3709 246 3765 ef
255 3709 367 3767 honour
377 3725 411 3763 er
421 3708 555 3763 heartfelt
572 3709 733 3762 obedienee.
773 3707 818 3761 On
832 3705 888 3760 this
902 3705 1077 3776 suppositien
1088 3705 1137 3761 the
1151 3704 1242 3777 Apes·

140 3796 189 3860 tle,
206 3797 237 3849 in
257 3794 393 3866 speaking
410 3810 441 3849 se
459 3793 556 3865 highly
571 3794 605 3847 ef
612 3793 661 3847 the
672 3809 778 3863 powers
796 3792 858 3846 that
872 3792 917 3856 be,
932 3791 1024 3845 would
1035 3792 1098 3861 give
1112 3808 1130 3845 a
1141 3808 1241 3846 reason

140 3880 230 3936 whieh
244 3881 269 3936 is
280 3880 392 3951 equally
406 3886 471 3935 true
483 3880 516 3933 ef
524 3878 611 3934 thefts
623 3878 678 3932 aud
693 3877 844 3932 rebberies.
879 3877 908 3931 It
919 3877 1026 3932 follows
1038 3876 1107 3931 then
1118 3876 1180 3930 that
1192 3876 1241 3932 the

140 3983 248 4037 powers
259 3965 326 4021 thus
340 3965 485 4029 erdained,
497 3982 545 4019 are
564 3964 705 4035 approved
721 3963 758 4034 by
779 3962 859 4026 Ged3
881 3962 938 4015 and
957 3963 1033 4016 sinee
1053 3962 1118 4016 (iod
1138 3969 1242 4016 cannot

139 4068 264 4124 approve
282 4050 490 4122 centradietery
507 4049 609 4120 things,
620 4049 683 4103 that
697 4048 753 4102 this
765 4064 859 4118 power
873 4046 897 4102 is
914 4054 965 4102 net
984 4052 1015 4101 at
1031 4048 1162 4102 varianee
1174 4047 1241 4103 with

140 4137 190 4194 the
203 4137 260 4192 will
271 4136 305 4191 ef
314 4136 378 4191 God
389 4134 519 4190 rerealed
533 4135 571 4207 by
582 4134 631 4189 the
644 4133 758 4204 Gespel,
769 4132 826 4186 and
838 4132 995 4204 obligetery
1007 4149 1044 4186 en
1059 4132 1096 4188 all
1111 4150 1186 4189 men.

194 4223 298 4277 4Nor
320 4221 345 4274 ia
366 4220 422 4276 this
444 4225 592 4292 argument
612 4219 726 4274 reluted
746 4219 784 4291 by
805 4218 855 4273 the
876 4219 1090 4282 consideration,
1109 4217 1171 4272 that
1192 4216 1242 4271 the

141 4323 248 4379 powers
269 4306 334 4362 that
356 4306 393 4361 be
413 4307 442 4361 in
462 4307 496 4361 St
510 4305 603 4359 Paul’s
622 4305 699 4369 time,
722 4321 795 4360 were
815 4309 867 4358 net
882 4303 1030 4359 Christian.
1063 4305 1119 4356 Fer
1140 4303 1169 4354 in
1192 4300 1242 4355 the

142 4393 203 4448 tirsi
214 4393 305 4464 plaee,
318 4390 375 4445 this
387 4393 410 4446 is
424 4398 475 4447 not
486 4389 654 4463 universally
668 4397 740 4445 true.
769 4390 883 4460 Sergius
895 4389 1009 4452 Paulus,
1020 4387 1069 4442 the
1081 4389 1242 4457 Prepreeter

1049 4488 1139 4546 4-2
