2866 4906
134 238 203 294 Cer.
216 237 296 307 v11.]
417 240 509 305 QUAE
531 239 595 294 FIT
616 239 692 293 PER
713 238 856 302 LEGEM,
876 237 958 294 ETO.
1167 227 1229 292 ³81

132 403 236 468 notice
252 401 357 467 differt
372 400 405 466 in
421 401 480 467 hoo
496 403 629 468 maxime
641 402 817 468 introducto
834 410 891 478 est,
909 423 949 467 ne
966 422 1023 489 per
1035 400 1232 467 i'oeminsrum

133 501 329 567 matrimonia
357 501 399 567 ad
429 502 629 589 peregrinum
657 501 838 590 sanguinem
867 501 1030 587 imperium
1061 501 1232 567 deveniret.

133 602 172 665 Iu
189 611 322 687 unoque
338 608 442 665 eutem
468 600 571 666 lineali
593 601 783 666 successione
804 601 836 664 in
853 599 1005 665 infinitum
1022 600 1233 666 admittuntur

133 700 228 765 etiem
255 699 308 785 qui
334 699 374 765 nb
400 699 508 765 ultimo
538 721 714 786 possessore
742 699 944 765 remotissimo
974 699 1077 788 gredo
1104 699 1232 776 distent,

134 799 208 864 dum
234 820 255 863 s
283 797 382 885 primo
404 820 481 888 rego
501 798 701 864 descendant.
748 799 806 864 Est
835 807 868 865 et
897 797 970 864 ⁰ubi
995 797 1157 864 deficiente
1177 820 1234 887 sg-

134 897 237 964 nstics
252 896 448 963 substituitur
465 897 614 963 successio
630 896 799 986 oognstice

130 1041 132 1044 >
209 996 332 1064 XXIV.
383 997 538 1063 l'Possunt
565 1004 599 1063 et
626 996 679 1062 slii
706 997 931 1063 successionum
959 997 1043 1064 modi
1068 996 1232 1074 introduci,

133 1105 190 1162 eut
205 1096 311 1184 populi
335 1095 504 1174 voluntate,
521 1104 578 1163 sut
599 1094 694 1163 etism
712 1095 780 1182 ejus
801 1097 854 1183 qui
873 1119 1005 1186 regnum
1026 1096 1071 1163 its
1087 1097 1119 1161 in
1136 1096 1233 1184 petri-

135 1195 237 1261 monio
262 1186 368 1270 babet,
393 1203 429 1261 ut
451 1195 589 1261 alienare
613 1194 720 1281 possit
773 1196 861 1262 Licet
885 1196 967 1261 enim
991 1196 1124 1283 exempli
1141 1218 1234 1262 censs

134 1295 331 1371 constituere,
348 1299 406 1360 qut
426 1294 480 1381 qui
504 1293 563 1360 sibi
585 1315 707 1381 quoque
730 1302 871 1380 tempore
893 1294 991 1360 futuri
1007 1304 1080 1360 sunt
1099 1294 1233 1381 proximi

135 1393 300 1459 succedent
326 1394 359 1458 in
386 1415 528 1482 regnum,
560 1393 640 1460 sicut
669 1393 754 1480 spud
779 1393 931 1460 Numidss
962 1393 1043 1471 olim,
1071 1404 1147 1481 puto
1177 1393 1232 1460 teli
1246 1423 1395 1464 neuere

135 1585 174 1638 lis,
199 1588 247 1630 tum
270 1599 366 1646 regnum
395 1582 549 1630 Vandalicum
572 1597 662 1643 semper
710 1587 800 1643 potest.
837 1583 900 1629 Nem
924 1588 950 1630 st
973 1585 1038 1644 spud
1063 1584 1236 1645 Leugobsrdos

135 1661 214 1706 venire
232 1661 306 1706 voluit
328 1660 363 1706 ad
382 1675 432 1706 eum
452 1660 494 1720 qni
507 1674 555 1720 per
574 1659 661 1705 linceus
710 1659 784 1705 Vesci
794 1659 846 1719 regi
856 1659 1071 1720 illicerelinquenti
1085 1674 1133 1706 non
1148 1660 1235 1720 sllqnlr

133 1735 288 1782 masculinam
297 1736 345 1795 ipsi
357 1734 483 1782 Gturr'cto
492 1747 575 1794 persen
582 1747 661 1793 prox-
710 1733 813 1784 liliorum
822 1733 948 1780 succedere
958 1735 1068 1791 debebst,
1077 1735 1119 1781 sed
1129 1734 1234 1794 ejusdem

133 1812 200 1868 ines,
217 1816 240 1857 et
256 1812 318 1857 inter
328 1812 452 1871 prosimos
469 1812 587 1857 minse
604 1814 662 1856 essct
709 1809 805 1867 generis
829 1809 986 1870 Risiulphnsr
1011 1810 1080 1856 testis
1103 1810 1236 1871 Psoooplns

133 1893 210 1934 erae.
231 1888 302 1948 (Cep.
323 1888 377 1946 vii.)
397 1887 546 1934 Jornsndesz
564 1885 661 1933 (liseri-
712 1883 875 1930 &cneorum
884 1897 925 1930 111.
936 1886 1002 1946 (esp.
1014 1885 1067 1943 35.)
1088 1886 1122 1933 Et
1133 1886 1235 1932 influu-

133 1962 197 2018 rhnr,
212 1962 255 2007 dtu
272 1977 380 2023 noum,
395 1968 449 2009 ante
464 1963 551 2009 obirem
565 1975 661 2007 moruus
710 1958 783 2016 geris
792 1971 894 2017 regnum
903 1964 999 2006 mortuo
1013 1960 1080 2006 lstrs
1093 1974 1141 2006 non
1155 1960 1235 2008 liberis

127 2036 238 2096 filiorum
247 2039 339 2096 agmine
348 2039 423 2084 accito
430 2037 557 2093 ordinavit,
565 2051 594 2083 ne
600 2036 662 2082 inter
710 2031 761 2092 ejus
771 2033 813 2078 sed
823 2032 893 2079 neco
903 2033 944 2092 jus
953 2034 1026 2080 fuisse
1041 2039 1123 2081 nsrmt
1138 2035 1236 2082 Nicetes

134 2111 198 2170 ipsos
208 2110 237 2156 de
246 2112 312 2170 requi
326 2112 452 2158 anthim
466 2117 524 2159 am
538 2111 660 2168 disemis,
711 2106 841 2154 choniates
859 2107 888 2153 de
903 2108 971 2154 retur
986 2108 1108 2156 Mmclie
1122 2110 1185 2156 libro
1199 2124 1235 2158 rr.

133 2185 177 2230 red
193 2185 276 2231 ordine
292 2186 389 2245 quisque
404 2191 427 2232 ct
441 2186 521 2246 prades
540 2201 583 2232 rso
602 2186 661 2231 aliie
708 2181 776 2241 (esp.
796 2181 826 2241 ἱ.)
856 2182 943 2227 Nescio
963 2195 994 2227 sn
1015 2183 1099 2229 codem
1115 2185 1236 2244 pertinest

134 2261 298 2320 superveniret,
307 2260 472 2306 edessenum·
481 2261 662 2321 suoflliofieret
709 2260 807 2316 recepte
816 2256 881 2316 spud
892 2257 1181 2312 Pstzlnecltsssuccssslo,
1192 2260 1235 2305 sed

133 2349 229 2394 reqrrm
243 2348 367 2392 successor,
377 2342 398 2382 et
410 2349 494 2382 rurm
508 2336 530 2382 et
540 2336 661 2396 perimor
709 2331 833 2378 obscurius
843 2333 966 2392 preposite
975 2346 990 2378 s
999 2332 1159 2380 Constantino
1175 2335 1236 2380 Por·

133 2409 661 2470 ejuswspee.)victoruooensisniohn:
709 2405 890 2466 phyrogenneto
910 2406 939 2452 de
958 2407 1172 2453 Administratious
1186 2407 1236 2454 Im·

137 2485 184 2533 Cne'
198 2486 323 2533 remum
337 2488 522 2534 constitutionem
537 2486 661 2535 Gizsriclrs‘
705 2481 772 2540 peris*
783 2495 805 2527 c.
816 2481 903 2528 xxxvii.
935 2483 965 2527 In
980 2481 1061 2528 Dsnis
1073 2482 1137 2528 idem
1152 2483 1234 2529 obser·

134 2561 206 2621 repis,
217 2575 243 2607 eo
253 2560 318 2622 quod
325 2561 403 2620 morior
413 2562 518 2608 omnibu
531 2567 597 2618 arei,
606 2575 661 2621 req.
709 2562 790 2604 vetum
806 2557 880 2603 trudit
895 2557 1021 2605 Crsutrlur
1034 2558 1184 2606 Baeticorum
1200 2573 1235 2607 rr.

133 2649 188 2681 num
197 2635 258 2682 inter
267 2640 361 2696 nepotes
368 2636 515 2695 moremus
525 2634 660 2682 debehatur.
709 2636 735 2679 et
745 2632 899 2680 Sueceomn
908 2645 933 2680 v.
963 2634 1043 2680 Etism
1054 2635 1125 2682 Albe
1139 2649 1234 2683 sueces-

134 2711 182 2757 Hic
192 2724 287 2770 semper
295 2715 419 2770 spectetur
429 2723 476 2755 non
487 2723 609 2770 possessor
621 2709 660 2755 ul-
709 2707 741 2754 sit
758 2708 844 2754 AEneee
865 2722 913 2754 non
934 2710 1002 2756 Iulus
1020 2710 1124 2756 Διωιιίο
1145 2711 1235 2772 msjore

134 2787 217 2844 timus,
237 2786 279 2831 ssd
303 2785 395 2845 primm
419 2785 489 2844 regni
513 2784 657 2844 seqniritor:
709 2781 758 2828 filio
769 2783 855 2829 AEneae
865 2784 1138 2840 ustusssdslterfiiius
1148 2787 1235 2834 AEneo

135 2861 200 2921 quod
209 2861 350 2908 succedendi
358 2874 435 2921 genus
445 2874 475 2907 ex
484 2861 567 2920 ipsene
577 2860 661 2906 Airics
709 2858 803 2905 Silvius.
834 2857 909 2918 [Vide
923 2859 997 2907 Dion.
1011 2860 1132 2908 Hsilosrn.
1151 2862 1233 2924 Antip.

134 2935 246 2982 sumserit
259 2935 406 2992 Gheriohur,
422 2936 463 2982 ubl
478 2935 503 2981 id
517 2934 619 2981 venies
632 2933 658 2980 ln
708 2933 776 2979 Rom.
792 2932 846 2980 Lib.
857 2946 876 2979 ι.
892 2947 913 2980 o.
924 2936 995 2981 teet
1005 2935 1089 2982 Aurei·
1102 2934 1193 2985 Victor.
1204 2938 1233 2986 de

133 3016 202 3058 textu
212 3011 366 3069 ostendimus,
376 3025 407 3057 nn
417 3024 473 3058 vero
485 3024 501 3057 s
514 3010 657 3070 quibusdem
708 3008 778 3068 Oriq.
791 3006 874 3054 Gestis
883 3007 985 3056 Reman.
995 3023 1019 3059 o.
1029 3008 1081 3071 17.]

134 3087 309 3148 septentrionis
333 3087 409 3134 nostrl
428 3087 531 3147 populls,
552 3085 658 3132 dubitsri

134 3339 232 3391 Fronte
244 3338 311 3391 Low
326 3335 371 3403 [or
389 3335 464 3390 Solio
477 3333 567 3402 Imm]
610 3334 687 3398 This,
707 3350 738 3389 so
754 3334 801 3388 lar
818 3350 848 3388 ss
862 3334 886 3388 it
900 3333 994 3389 differs
1007 3335 1082 3390 from
1102 3335 1152 3391 the
1169 3353 1236 3407 cog·

134 3425 219 3487 notio,
233 3439 288 3476 uns
299 3419 465 3476 introduced
476 3420 581 3492 mainly
593 3418 660 3474 with
672 3419 727 3474 this
739 3419 816 3483 view,
827 3419 890 3474 thet
903 3417 954 3473 the
965 3421 1071 3490 empire
1082 3419 1173 3491 might
1184 3428 1235 3476 not

134 3524 198 3579 poss
213 3514 242 3562 to
253 3507 363 3577 foreign
377 3506 462 3561 blood
474 3505 512 3576 by
522 3505 572 3560 the
585 3505 735 3575 merrisges
744 3505 778 3560 of
789 3504 839 3560 the
851 3503 955 3558 semele
968 3504 1113 3559 bronches.

190 3595 225 3647 In
244 3592 314 3647 both
332 3591 412 3647 these
430 3591 514 3646 linesi
532 3590 710 3654 successions,
726 3589 806 3645 those
824 3604 872 3643 ore
887 3589 1025 3644 admitted
1038 3589 1100 3644 who
1115 3605 1163 3644 ere
1177 3589 1233 3645 dis·

135 3685 198 3733 tent
209 3695 280 3734 even
293 3679 324 3732 in
338 3678 388 3732 the
404 3683 478 3732 most
493 3681 600 3731 remote
612 3676 714 3748 degree
725 3675 799 3731 from
814 3675 863 3731 the
874 3675 928 3729 lsst
939 3690 1089 3746 possessor,
1098 3676 1234 3749 provided

134 3765 203 3834 they
215 3763 335 3819 descend
347 3763 421 3818 from
433 3762 482 3817 the
493 3762 554 3817 first
564 3762 641 3833 king.

189 3849 282 3904 There
303 3866 352 3904 ere
373 3865 451 3903 some
472 3864 548 3903 ceses
565 3847 656 3910 when,
677 3845 777 3919 isiling
798 3845 848 3902 the
869 3846 980 3919 ugustis
998 3846 1164 3916 succession,
1182 3847 1233 3904 the

134 3937 262 4009 cognstic
276 3936 299 3990 is
313 3934 492 3990 substituted.

189 4022 299 4076 XXIV.
326 4020 415 4075 Other
430 4020 526 4075 modes
537 4019 571 4074 of
577 4019 734 4075 successies
746 4019 805 4074 also
816 4035 881 4089 moy
890 4018 927 4073 be
939 4017 1105 4074 introduced
1119 4021 1233 4074 secord-

134 4109 183 4179 ing
196 4114 226 4161 to
241 4107 290 4162 the
301 4106 358 4159 will
375 4105 408 4160 oi
422 4105 472 4160 the
484 4105 593 4177 people,
609 4122 642 4160 or
655 4105 693 4176 by
705 4105 754 4161 the
768 4104 825 4158 will
845 4103 878 4158 of
893 4102 942 4159 the
957 4104 1135 4175 pstrimonisl
1152 4119 1232 4159 sove-

134 4193 223 4262 reign.
240 4193 297 4246 For
307 4193 442 4255 insieme,
453 4191 489 4246 be
502 4208 566 4262 msy
578 4191 661 4246 settle
673 4190 736 4245 thot
747 4191 828 4246 those
840 4189 902 4244 who
914 4205 952 4243 on
963 4189 1032 4244 esch
1044 4189 1172 4244 occasion
1184 4206 1233 4245 ere

135 4282 247 4331 neorest
266 4285 297 4331 to
316 4276 435 4342 himself,
453 4272 511 4347 [see
526 4276 663 4332 Grotius's
684 4271 761 4346 note]
783 4275 884 4332 should
898 4274 1016 4331 succeed
1032 4281 1063 4329 to
1082 4273 1132 4330 the
1151 4275 1232 4346 king-

136 4362 218 4416 dom:
237 4378 268 4418 ss
282 4368 410 4435 smongst
431 4361 479 4419 the
500 4363 667 4420 Numidisus
688 4361 833 4434 formerly,
847 4361 862 4416 1
876 4376 996 4433 suppose
1014 4359 1052 4430 by
1070 4375 1148 4416 some
1162 4359 1232 4417 such
