2866 4906
130 231 201 288 cn.
215 229 254 301 1.]
427 235 524 300 oum
547 236 713 302 nnsnun,
739 237 835 301 omn
858 237 936 293 ouo.
1210 217 1230 294 3

208 402 230 464 2
263 399 375 485 Neque
396 398 488 485 hujus
512 398 643 464 nominis
668 398 757 488 origo
779 409 954 488 repugnst3
979 409 1028 466 est
1057 401 1138 466 enim
1166 402 1230 469 bel-

130 499 196 566 lum
213 519 253 564 ex
269 520 345 564 voce
362 498 462 564 veteri
478 498 623 575 duellum,
639 508 675 565 ut
693 499 813 565 duonus
830 500 912 586 quod
931 500 1035 566 fueret
1051 501 1164 567 sectum
1182 511 1229 567 est

130 600 241 675 bonus,
266 606 300 663 ct
324 597 394 664 duis
418 598 475 665 bis.
518 597 665 664 Duellnm
687 608 793 665 sutem
817 621 838 664 s
859 599 980 665 duobus
1000 600 1117 668 dictum
1138 601 1228 667 simili
1240 610 1388 679 [ermom

130 715 233 777 sensu,
249 719 311 785 quo
331 719 441 785 pocem
464 697 621 764 unitatem
636 697 773 764 dicimus
821 699 874 764 Sic
891 699 1011 766 Grecis
1031 722 1071 766 ex
1093 701 1228 768 multitu·
1241 658 1391 801 ffi'ffib

131 797 213 866 dinis
236 796 460 887 significatione
483 793 650 876 πόλεμοςε
676 797 834 863 veteribus
858 798 953 866 etism
972 793 1037 882 λῦη
1058 822 1078 867 o
1103 801 1230 868 dissolu·

131 898 228 975 tione,
244 897 398 985 quomodo
414 906 448 963 et
464 897 602 984 corporis
617 896 776 963 dissolutio
790 890 873 980 ’δύῃ

209 1000 232 1063 3
263 998 377 1084 Neque
397 1019 472 1062 usus
493 996 594 1062 ³vocis
616 997 766 1063 leniorem
788 999 869 1064 huno
891 999 1048 1065 notionem
1075 999 1229 1088 repudiet.

135 1096 270 1176 Quodsi
286 1096 411 1183 quondo
428 1096 499 1162 belli
515 1117 628 1162 nomen
650 1096 772 1183 publico
785 1106 907 1163 tuntum
928 1099 1086 1177 tribuitur,
1104 1100 1181 1165 nihil
1199 1100 1232 1166 id

134 1197 223 1264 nobis
236 1197 350 1275 obstet,
368 1217 438 1261 cum
452 1194 654 1262 certissimum
671 1196 722 1274 sit,
739 1218 852 1263 nomen
869 1198 993 1286 generis
1009 1221 1093 1287 saepe
1109 1200 1230 1285 speciei,

69 1378 73 1384 .
133 1296 307 1384 presertim
333 1295 550 1373 excellentiori,
576 1295 775 1383 peculiariter
798 1297 1021 1364 edhaerescerc.
1065 1297 1232 1376 ,Jrnuciam

134 1397 170 1461 in
186 1394 361 1462 delinitione
376 1417 439 1460 non
457 1395 589 1473 includo,
608 1396 681 1481 quie
696 1396 756 1461 hoc
778 1395 880 1484 ipsum
895 1397 929 1462 in
949 1397 1008 1463 hec
1025 1396 1232 1485 disputatione

135 1495 312 1581 quaerimns,
325 1495 405 1562 sitne
419 1494 544 1582 aliquod
558 1494 672 1562 bellum
684 1495 813 1582 justum,
837 1505 870 1562 et
886 1497 970 1583 quod
986 1497 1100 1564 bellurn
1113 1497 1232 1584 justum

134 1594 186 1661 'sit
223 1593 395 1709 ‘Distingui
410 1604 515 1663 autem
538 1594 633 1662 debet
651 1594 694 1674 id,
711 1596 794 1684 qnod
815 1597 976 1683 quaeritur,
997 1597 1038 1664 sb
1055 1619 1092 1664 eo
1111 1599 1151 1665 de
1170 1619 1232 1686 quo

134 1703 295 1860 quaelilff·
331 1797 351 1859 1
386 1793 531 1880 Dejnre
556 1795 720 1862 bellicum
747 1796 940 1864 inscribimus
966 1797 1048 1864 hnnc
1073 1798 1232 1865 tractatio-

136 1915 219 1970 nem,
242 1893 377 1981 primum
401 1895 462 1960 hoc
486 1895 588 1981 ipsum
603 1895 812 1986 intelligimus,
839 1898 922 1984 quod
944 1898 1061 1964 dictum
1079 1897 1146 1984 jorn
1173 1906 1230 1975 est,

136 1993 218 2060 sitne
242 1993 358 2061 bellum
379 1994 505 2081 aliquod
522 1995 651 2083 justum,
672 2005 705 2063 et
729 1996 841 2063 deinde
861 1998 937 2086 quid
958 1997 1012 2065 inb
1034 1998 1093 2063 ello
1111 1997 1232 2085 justum

136 2204 182 2250 quo
196 2189 235 2236 od
244 2193 402 2250 properatio
415 2187 511 2250 aliquid
519 2203 607 2249 prom
619 2203 659 2235 nc·
710 2189 803 2250 Cboiyl.
814 2205 839 2250 p.
848 2191 902 2239 419.
932 2189 973 2235 Ad
987 2189 1033 2235 boc
1042 2188 1187 2248 exemplum,
1201 2188 1234 2233 τὸ

137 2263 273 2319 moion,
282 2264 319 2309 oei
328 2278 374 2324 quo
380 2278 464 2324 pisone
473 2265 571 2323 quitur.
592 2264 661 2309 Pro·
709 2266 768 2321 Δὺη,
778 2267 844 2326 qnod
854 2265 917 2310 inter
926 2264 981 2320 alin,
993 2277 1036 2322 per
1049 2262 1118 2316 λύπη
1134 2263 1234 2322 exponi-

136 2340 194 2386 lim
211 2343 288 2386 mem
303 2338 392 2386 dicim
406 2339 526 2400 conflictus
545 2338 595 2399 ipre
612 2338 660 2386 bel-
709 2345 757 2396 tur,
768 2342 862 2385 Auctor
874 2345 962 2394 noster,
973 2337 1059 2383 veteris
1072 2336 1234 2395 Philosophiae

138 2414 221 2461 icrunt
709 2413 804 2474 plocitis
832 2413 970 2468 innutritus,
1001 2411 1131 2456 secundum
1162 2424 1234 2469 quem

182 2489 265 2537 'Viu
284 2502 342 2550 eg.
359 2489 445 2535 Horat.
462 2488 515 2536 Sar.
529 2503 547 2537 ι.
562 2492 585 2538 ³.
603 2491 661 2548 1073
710 2487 790 2536 Dolor
812 2492 849 2533 est
872 2487 958 2532 solutio
981 2485 1092 2542 contioni,
1112 2484 1163 2530 ἀπὸ
1187 2487 1233 2530 τοῦ

138 2564 238 2612 Terent.
249 2562 315 2612 Esar.
325 2565 382 2611 Act.
393 2577 411 2611 1.
422 2565 460 2611 Sc.
472 2567 494 2612 1.
502 2580 525 2612 v.
536 2564 574 2613 16.
590 2564 617 2613 J.
627 2565 660 2613 Β.
710 2563 757 2608 δύω
784 2560 900 2608 deduxit:
930 2560 1104 2606 dissolutionem
1131 2560 1235 2619 partium

183 2639 251 2687 ⁸lto
266 2641 357 2686 hubent
378 2653 460 2685 omnes
476 2640 538 2686 End.
557 2645 583 2687 et
602 2641 662 2687 nihil
710 2637 818 2696 corporis
832 2637 868 2681 itu
887 2649 1011 2695 opponens
1028 2634 1179 2681 dissolutioni
1193 2650 1236 2682 seu

141 2716 295 2764 metendum.
324 2714 662 2776 Inonimohubnitetymolo-
711 2711 1236 2770 dissidioooimornm‚quodinnuitvoxAv'u,

140 2791 206 2852 giam
217 2790 282 2837 vocis
296 2789 365 2844 λύπη
379 2803 395 2835 o
407 2789 529 2836 Pmoun
539 2790 662 2846 nuditum,
711 2787 805 2842 nullibi,
822 2787 887 2847 quod
903 2786 1000 2846 quidem
1016 2787 1097 2844 soum,
1107 2786 1155 2833 ulio
1165 2801 1237 2837 sensu

139 2865 192 2913 dra
202 2866 249 2920 τῆς
259 2865 395 2912 διαλύσεως
404 2865 451 2910 τοῦ
462 2865 588 2925 σώματος,
598 2863 627 2919 ἢν
637 2865 663 2912 ἐν
712 2867 834 2924 usurpet&
864 2861 930 2909 J.B.

140 2941 224 3001 τούτῳ
239 2940 278 3000 τῷ
292 2938 368 2987 πάθει
387 2938 457 3001 ἲσχα
474 2941 506 2986 τὸ
523 2943 605 3001 σῶμα.
633 2940 664 2986 In

194 3218 295 3274 Hence
312 3236 353 3275 we
368 3220 405 3275 do
424 3225 476 3275 not
497 3218 613 3275 exclude
629 3218 756 3289 prinae*
770 3233 849 3281 wore,
869 3214 960 3270 which
981 3213 1122 3288 preceded
1141 3214 1238 3284 public

144 3321 225 3370 wore,
238 3305 295 3360 ond
306 3304 377 3361 hove
391 3305 441 3360 the
455 3322 531 3360 same
546 3304 636 3375 origin
648 3320 678 3358 us
693 3303 781 3359 those.

196 3396 214 3444 2
236 3391 298 3446 The
317 3408 410 3455 nume,
433 3388 576 3457 (Bellum)
595 3406 688 3444 comes
705 3390 779 3444 from
799 3405 836 3442 on
858 3387 905 3441 old
925 3385 1001 3439 word
1023 3384 1162 3446 Mum,
1184 3384 1240 3437 ond

142 3476 256 3547 ,implies
270 3477 320 3532 the
334 3478 494 3548 separation
508 3477 542 3530 of
552 3484 616 3540 two,
632 3473 697 3542 (duo
705 3475 730 3542 ς)
744 3492 774 3529 os
787 3490 873 3545 peecc
888 3474 911 3526 is
925 3472 1011 3544 cuiry,
1026 3469 1107 3524 when
1122 3476 1176 3524 tuo
1191 3486 1241 3524 uro

143 3563 227 3617 mede
241 3579 305 3618 one.
344 3564 382 3618 So
397 3563 445 3618 the
458 3563 553 3618 Greek
566 3563 680 3630 πόλεμος
693 3563 767 3616 from
781 3557 873 3625 πολύς,
886 3575 979 3629 marty.

197 3654 215 3705 3
239 3647 301 3704 The
320 3664 452 3705 common
463 3665 513 3703 use
524 3648 558 3701 of
576 3647 626 3702 the
637 3647 714 3702 word
728 3647 799 3702 W’or
810 3646 904 3700 ullows
916 3661 948 3698 us
960 3649 990 3698 to
1003 3642 1116 3697 include
1127 3641 1242 3696 Privato

145 3733 221 3797 Wcr,
235 3734 353 3806 though,
367 3734 438 3790 used
451 3733 603 3805 generally,
615 3735 638 3788 it
653 3733 731 3788 often
745 3749 842 3788 mesos
855 3729 1024 3804 specificelly
1034 3728 1127 3799 public
1141 3727 1218 3782 Wur.

198 3820 251 3875 We
263 3821 301 3874 do
314 3827 366 3875 not
380 3836 429 3891 say
443 3819 506 3875 that
520 3836 576 3872 wer
590 3819 613 3872 is
628 3835 646 3872 e
660 3825 733 3872 stete
748 3819 844 3890 ofjosc
858 3816 1030 3879 contention,
1042 3815 1161 3869 because
1176 3829 1241 3883 pre·

143 3905 229 3978 cisely
241 3905 293 3960 the
306 3907 388 3978 point
400 3913 432 3962 to
446 3905 482 3960 be
496 3904 644 3959 examined
663 3906 695 3968 is,
714 3903 850 3958 Whether
872 3901 953 3957 there
971 3902 1007 3955 be
1023 3902 1084 3970 just
1103 3916 1168 3964 wer,
1185 3898 1242 3951 und

140 3989 226 4047 What
237 4009 295 4047 wer
306 3992 406 4063 isjust
444 3991 509 4045 And
520 3990 661 4045 therefore
669 4006 710 4044 we
719 3995 794 4043 must
803 3987 969 4059 distinguish
978 3985 1027 4042 the
1039 3985 1155 4058 subject,
1166 3985 1242 4048 War,

142 4076 216 4132 from
227 4077 277 4134 the
291 4078 422 4148 question
433 4076 524 4131 which
537 4093 578 4130 wc
592 4076 719 4130 examine
731 4075 900 4144 concerning
914 4075 945 4126 it.

195 4163 251 4220 ΠΙ.
298 4169 314 4220 1
339 4164 384 4238 By
400 4162 532 4234 entitling
550 4165 603 4217 our
624 4161 759 4225 Treetiso,
793 4159 837 4235 Os
854 4160 896 4214 the
918 4159 1015 4230 Riobe
1035 4159 1071 4231 ο]
1087 4156 1166 4220 Wor,
1200 4169 1242 4207 we

186 4336 201 4362 ⁸
210 4335 241 4383 ln
251 4335 378 4398 including
381 4335 485 4396 prim,
498 4336 546 4382 ond
560 4334 752 4396 excludingjroet,
762 4333 787 4379 ln
797 4332 835 4379 his
845 4331 968 4378 definitlon
978 4329 1006 4375 oi
1013 4343 1072 4386 war,
1082 4329 1113 4374 G.
1123 4339 1200 4373 seems
1216 4329 1242 4370 to

143 4410 203 4460 herc
211 4411 237 4459 ln
246 4411 360 4462 rtswtbe
373 4401 499 4461 dessnhlon
509 4413 537 4460 ot
543 4411 671 4461 Albericus
682 4410 784 4458 Gentills
790 4424 799 4470 3
813 4407 930 4457 “Bellum
940 4409 978 4454 est
992 4403 1124 4458 contentio,
1140 4400 1244 4461 publice,

1054 4486 1143 4549 l-2
