2866 4906
174 176 244 240 xxvi
586 188 613 245 J.
639 189 900 247 sunamiten
999 206 1002 210 ·

173 353 313 422 initium:
338 359 415 422 Noa
429 359 549 442 sacrat
571 380 747 443 compresum
771 371 900 424 aotaroe
925 361 1084 436 bumana,
1111 384 1182 447 qua
1198 363 1265 428 uisi
1286 384 1325 428 aa

173 457 277 539 sipoto
303 476 401 520 suuni
426 469 520 524 actas
545 480 729 543 copaoscerc
753 481 817 523 noa
838 471 953 543 potest.
984 460 1115 544 ‘Vocem
1138 464 1245 527 animi
1268 461 1325 527 ad-

174 554 248 630 didi,
274 575 345 640 quae
369 554 403 620 in
427 557 674 641 praecedentibus
697 557 824 645 legitur,
848 580 906 623 nec
931 557 997 623 sinc
1022 559 1135 624 damrm
1160 560 1324 626 sententiae

172 653 245 718 hinc
259 655 367 720 abesse
384 665 506 742 potest;
528 655 640 723 aberat
656 664 762 722 tamen
774 656 841 743 jam
856 656 889 721 in
906 658 1008 744 prima
1023 658 1180 726 Editione.
1226 658 1324 745 Ejus-

173 752 245 817 dem
262 753 329 819 Lib.
354 776 420 842 cap.
438 777 485 824 rx.
508 760 523 842 §
541 756 572 824 7.
598 755 630 820 in
646 755 727 822 fine:
753 768 868 822 contra
885 779 935 823 eos
951 780 975 822 a
992 763 1150 824 communi
1165 762 1324 825 sociorum

173 873 327 918 concisio
344 876 396 920 rec
410 855 568 939 judicata
584 867 638 922 est.
690 856 761 922 Vox
778 857 923 933 concilio,
945 856 1069 922 omnino
1085 858 1267 934 necessaria,
1291 859 1325 924 in

172 951 318 1018 Editione
333 953 407 1019 anni
424 956 525 1021 1632.
543 954 597 1020 ubi
614 954 789 1041 exemplum
806 953 956 1032 additum,
975 955 1154 1023 exciderat:
1182 958 1264 1023 unde
1281 957 1326 1023 nil

171 1051 295 1127 mirum,
313 1051 339 1117 si
355 1053 389 1118 in
404 1053 490 1119 nulla
505 1053 699 1140 sequentium
712 1054 862 1119 hactenus
876 1054 1019 1141 suppleta
1032 1055 1136 1123 inerit.
1187 1056 1238 1123 Sic
1255 1078 1323 1143 cap.

173 1172 206 1216 x.
232 1152 381 1238 sequenti,
414 1157 429 1239 ξ
455 1155 496 1219 6:
537 1159 661 1230 Quarto
683 1176 748 1219 noa
771 1156 872 1220 teucri
893 1177 965 1220 eum
990 1157 1036 1219 ud
1064 1156 1325 1222 Rssmrumuuos

162 1253 310 1334 fractas,
339 1265 396 1318 etc.
426 1251 619 1319 omissionem
646 1252 729 1318 vocis
755 1256 979 1332 restituendos,
1011 1253 1091 1320 adeo
1118 1255 1322 1332 manifestam,

171 1371 266 1436 quum
286 1348 319 1415 in
335 1351 466 1438 primam
483 1351 657 1418 Editionem
675 1352 860 1438 irrepsisset,
885 1374 990 1419 omnes
1012 1353 1157 1441 deinceps
1178 1354 1324 1443 religiose

170 1460 383 1519 servaverant.
437 1450 510 1517 Non
534 1451 580 1517 ita
599 1451 701 1526 obvia,
725 1451 781 1517 sed
803 1460 906 1517 tammr
933 1452 1116 1519 adtendenti
1140 1454 1183 1519 ad
1210 1454 1323 1519 seriem

170 1548 318 1614 orationis
343 1549 434 1616 facile
463 1559 572 1637 patere
598 1558 723 1638 poterat
752 1571 799 1625 ea,
834 1572 905 1635 quus
935 1551 1154 1638 reperiebatur
1183 1552 1322 1638 ejusdem

171 1647 259 1714 Libri
284 1671 350 1735 cap.
369 1671 428 1716 x11.
456 1652 544 1737 512.
572 1672 654 1715 num.
674 1652 704 1714 1.
759 1650 803 1715 Ut
827 1653 958 1716 etiamsi
982 1673 1039 1716 sec
1063 1653 1202 1717 celatum
1227 1653 1321 1734 quid·

170 1770 269 1833 quam
293 1751 348 1828 eit,
367 1762 423 1816 etc.
445 1772 473 1815 sr
493 1752 530 1816 ia
550 1773 585 1816 re
608 1762 716 1816 tamen
741 1751 1000 1834 depredandatar
1016 1753 1236 1837 iaoequalitae,
1262 1764 1320 1817 etc.

170 1846 327 1924 Particula
343 1851 374 1915 si
390 1849 422 1913 in
440 1849 581 1915 omnibns
596 1848 792 1914 Editionibus
809 1849 928 1926 deerat,
951 1870 1022 1935 quae
1040 1859 1143 1915 tamen
1160 1850 1202 1916 ad
1224 1851 1322 1916 ratio·

170 1946 329 2013 cinationis
351 1970 464 2013 nexum
494 1947 616 2013 omnino
638 1956 687 2014 est
704 1948 888 2013 necessaria.
940 1949 1015 2036 cap.
1035 1970 1106 2014 xxi.
1134 1952 1221 2035 511.
1245 1951 1320 2016 s'ac't.

169 2049 335 2114 occasione
351 2050 480 2134 quidem
496 2048 638 2132 alicujus
654 2049 786 2132 peccati
806 2068 930 2125 aarum,
951 2056 1010 2114 etc.
1064 2048 1146 2113 Illud
1162 2050 1265 2114 alieni
1287 2048 1322 2113 iu

168 2144 255 2211 nulla
270 2147 420 2213 hactenus
436 2146 583 2213 Editiono
601 2156 838 2232 comparuerat;
865 2147 950 2233 quod
966 2156 1069 2213 tamen
1086 2148 1240 2213 sententia
1256 2169 1321 2212 ma·

168 2243 280 2311 niscsto
297 2246 442 2332 postulat.
492 2245 667 2331 Aliquando
684 2245 782 2310 verba
804 2267 1035 2332 supervacanea
1055 2246 1165 2312 relicta
1185 2246 1320 2326 fuerant,

169 2366 240 2430 quae
257 2367 380 2411 sensum
397 2345 587 2412 turbabant:
612 2343 698 2431 cujus
722 2342 770 2410 rei
794 2345 969 2432 exemplum
990 2345 1189 2423 luculentum,
1214 2345 1322 2412 uidere

168 2444 286 2531 poteris
313 2444 381 2511 Lib.
399 2446 443 2512 ΙΙ.
469 2466 539 2531 cap.
557 2465 613 2512 vn.
643 2450 657 2530 ς
684 2445 715 2508 2.
731 2465 815 2511 num.
837 2447 867 2519 1,
894 2454 969 2511 nota
990 2447 1042 2528 (c).
1096 2445 1206 2511 Sensui
1227 2445 1321 2510 etiam

168 2565 388 2631 nonnunquam
416 2551 565 2609 nocuerat
590 2564 690 2629 prava
716 2541 933 2630 interpunctio,
967 2552 1145 2609 constanter
1172 2551 1320 2610 servatas

167 2645 247 2710 adeo
264 2653 308 2718 ut,
326 2651 456 2729 propter
470 2642 534 2708 tale
550 2640 670 2717 vitium,
687 2640 757 2706 Lib.
769 2643 830 2706 ΙΙΙ.
845 2663 911 2728 cap.
928 2662 975 2707 xi.
993 2644 1049 2726 §b
1067 2663 1149 2706 num.
1170 2647 1204 2706 1:
1230 2644 1320 2709 Pbo-

168 2764 283 2817 cereces,
296 2740 328 2806 in
346 2743 490 2817 Groecia,
506 2742 737 2825 comaapus'aei
752 2748 930 2806 statuantur
943 2743 1097 2808 Caeritum
1113 2740 1147 2805 in
1162 2743 1318 2818 Etruria,

167 2864 203 2907 ac
217 2848 386 2929 propterea
402 2840 521 2905 Auctor
534 2848 641 2904 noster
660 2861 680 2904 a
697 2839 876 2904 Gronovro
903 2849 1059 2926 carpatur,
1085 2849 1118 2906 et
1141 2839 1192 2905 hic
1214 2863 1248 2906 se
1272 2840 1319 2928 ip·

166 2963 235 3007 sum
251 2939 393 3006 inanibus
409 2938 601 3025 conjecturis,
614 2939 655 3004 ad
668 2938 876 3026 detegendum
889 2939 1005 3003 sontem
1019 2939 1143 3015 erroris,
1159 2948 1317 3025 torqueat;

166 3049 202 3107 nt
228 3063 268 3105 ex
293 3040 340 3115 iis,
374 3060 446 3125 quas
472 3037 672 3116 Notaeillius
697 3035 741 3104 47
768 3036 893 3124 subjeci,
919 3038 1015 3103 cnivis
1040 3037 1215 3126 intelligere
1238 3040 1317 3106 lieet

168 3140 231 3206 Sed
248 3140 315 3204 haeo
332 3139 456 3205 abunde
470 3137 632 3212 sufficiunt,
654 3137 695 3202 ad
713 3137 936 3203 ostendendum
953 3158 1045 3224 quam
1063 3138 1236 3203 necessaria
1252 3139 1318 3204 fue·

165 3239 209 3305 rit
225 3261 320 3326 opera
336 3248 452 3316 nostra,
478 3237 511 3303 in
527 3236 734 3303 emaculandis
751 3245 784 3302 et
807 3236 1007 3302 restituendis
1031 3237 1105 3302 locis
1127 3259 1189 3302 non
1212 3238 1318 3324 paucis

166 3339 277 3426 posita,
295 3338 350 3405 ubi
364 3339 482 3405 nullum
498 3344 568 3404 erat
583 3358 604 3402 a
620 3335 777 3424 prioribus
798 3344 832 3401 et
848 3335 1105 3404 emendatissimis
1121 3336 1318 3404 Editionibus

164 3439 341 3505 subsidium.

241 3540 403 3603 Praeterea
417 3559 485 3602 rem
500 3558 597 3624 prope
614 3535 754 3602 immensi
770 3534 885 3602 laboris
896 3535 1063 3624 adgressus
1079 3558 1156 3613 sum,
1170 3535 1211 3600 ad
1225 3557 1318 3620 qnam

166 3637 267 3703 nullus
290 3637 400 3701 nomm
425 3635 591 3701 Librorum
617 3637 788 3722 Interpres,
812 3644 845 3701 et
872 3657 912 3700 ne
940 3635 1066 3722 quidem
1093 3634 1318 3700 eruditissimus

165 3737 198 3803 J.
214 3739 418 3802 Faunnnrcus
435 3736 642 3810 Gaonovrus,
668 3756 813 3820 umquam
840 3735 915 3799 data
942 3755 1038 3820 opera
1058 3732 1193 3798 animum
1217 3733 1317 3799 inten-

165 3836 286 3912 derant,
304 3835 359 3902 sed
376 3843 497 3901 tantum
514 3842 608 3920 prout
627 3834 776 3899 memoria
797 3832 997 3920 suggerebat,
1020 3840 1076 3897 aut
1093 3832 1176 3897 aliud
1193 3834 1316 3920 agendo

164 3935 299 4001 dabatur
323 3933 460 4000 occasio:
488 3944 524 3999 ut
547 3932 693 3999 nimirum
719 3932 821 3999 omnia
846 3932 913 3997 loca
935 3931 1138 4018 Scriptorum,
1164 3934 1316 3999 Veterum

164 4034 348 4123 praesertim,
372 4054 442 4119 quse
459 4034 499 4098 ab
516 4034 654 4098 Auctore
670 4041 777 4098 nostro
793 4031 979 4096 adferuntur
1001 4040 1057 4096 aut
1072 4031 1257 4109 indicantur,
1282 4033 1316 4098 in

163 4135 239 4222 ipsis
255 4134 399 4210 sontibus,
423 4142 571 4218 quantum
588 4131 657 4197 fieri
674 4140 788 4219 posset,
806 4152 988 4217 quaererem,
1013 4140 1046 4197 et
1062 4129 1244 4217 plerumque
1260 4131 1317 4198 ad-

163 4243 272 4301 curate
311 4233 526 4320 expenderem.
579 4233 648 4297 Hoc
688 4239 803 4308 antem,
837 4238 873 4296 ut
913 4229 1117 4307 utilissimum,
1149 4230 1315 4317 aliqnando

164 4334 258 4401 etiam
275 4333 366 4400 valde
381 4332 587 4400 necessarium
603 4341 674 4399 erat
689 4330 730 4397 ad
747 4339 882 4397 mentem
899 4330 1045 4397 Auctoris
1064 4329 1315 4419 intelligendam:
