2866 4906
329 40 397 113 all

202 156 335 258 selo
519 200 573 258 uu
594 200 708 258 usum
730 199 874 268 osusss,
895 200 945 256 nu
967 200 1125 256 rmuunr
1246 195 1318 267 [sm.
1331 200 1370 255 11.

271 379 366 436 tuost
389 367 540 445 homines,
566 371 748 436 rsetuacdos
772 369 859 435 ultro
883 391 917 435 se
940 370 1086 454 efficiunt,
1111 377 1142 432 et
1165 366 1325 450 iujuriam
1346 390 1370 433 a

269 470 363 535 schah
387 468 561 554 repulsam,
588 481 745 552 tunquam
772 480 832 534 out
848 472 964 553 facero
987 479 1046 532 aut
1065 467 1145 551 pati
1168 487 1288 532 necesse
1313 470 1367 543 eit,

271 569 471 653 injungimus
500 569 590 633 aliis.
642 568 681 632 In
707 567 785 633 tales
816 589 878 632 non
904 566 985 632 male
1015 563 1158 630 convenit
1182 564 1258 630 illud
1272 565 1368 631 -Vibii

105 675 228 759 {mret-
274 666 412 752 crispis
430 664 619 745 Quintiliano
639 666 807 744 laudatum,
828 668 909 743 Quia
924 667 986 732 tibi
1006 667 1055 732 eie
1073 667 1182 730 timere
1196 664 1370 749 permisit?

104 766 376 832 insinuantium
394 765 484 831 Livia
500 766 583 853 apud
599 766 731 832 Dionem
748 765 802 844 ait,
820 765 977 832 infamiam
994 786 1048 831 eos
1064 785 1126 829 non
1146 763 1294 852 effugere,
1314 763 1369 851 qui

271 864 390 932 facinus
406 864 489 951 quod
505 864 625 942 timont,
643 873 802 952 occupant.

348 966 369 1031 2
404 964 496 1042 Quod
523 963 550 1028 si
576 964 646 1051 quis
670 963 732 1030 vim
757 986 820 1028 non
839 962 907 1053 jam
927 974 1113 1052 praesentem
1141 963 1285 1040 intentet,
1314 963 1369 1029 sed

271 1063 448 1151 conjurasse
472 1070 528 1128 aut
552 1061 690 1129 insidiari
712 1074 888 1151 compertus
910 1065 960 1145 sit,
978 1066 1005 1131 si
1022 1087 1175 1132 venenum
1191 1073 1324 1140 struere,
1342 1061 1369 1128 si

271 1163 381 1229 falsam
406 1161 640 1242 accusationem,
667 1161 779 1228 falsum
805 1163 1024 1242 testimonium,
1054 1164 1192 1252 iniquum
1216 1162 1368 1251 judicium

271 1260 383 1338 moliri,
409 1261 492 1327 hunc
515 1283 596 1351 nego
619 1261 692 1348 jure
717 1282 808 1348 posse
831 1262 982 1343 interfici;
1018 1264 1044 1330 si
1080 1273 1135 1330 aut
1159 1263 1251 1330 aliter
1275 1262 1369 1328 evadi

271 1360 442 1448 periculum
458 1368 579 1448 potest:
602 1370 658 1426 aut
681 1383 744 1428 non
769 1369 887 1429 certum
912 1363 988 1429 satis
1014 1373 1062 1430 ast
1086 1363 1178 1429 aliter
1194 1362 1285 1428 evadi
1306 1383 1370 1426 non

271 1481 370 1547 posse.
422 1460 610 1547 Plerumque
632 1459 713 1526 enim
738 1459 920 1549 interposita
939 1463 1088 1550 temporis
1104 1484 1193 1528 mora
1213 1461 1255 1526 ad
1272 1462 1370 1525 multa

271 1558 421 1636 remedia,
447 1559 490 1624 ad
513 1559 626 1625 multos
644 1558 738 1625 etiam
762 1581 851 1625 cesus
866 1569 972 1647 patet:
998 1570 1034 1628 ut
1055 1561 1115 1627 dici
1129 1561 1216 1641 solet,
1236 1560 1319 1625 inter
1335 1579 1370 1624 os

273 1666 307 1723 et
331 1657 443 1724 offam:
472 1678 658 1744 quamquam
685 1680 748 1724 non
773 1658 886 1725 desunt
908 1669 941 1726 ct
964 1658 1125 1749 Theologi,
1151 1669 1185 1726 ct
1208 1660 1233 1725 J
1235 1658 1371 1724 urisoon-

272 1756 354 1835 sulti,
385 1755 438 1844 qui
468 1755 692 1846 indulgentiam
723 1778 811 1828 mam
844 1757 966 1849 longius
999 1760 1178 1826 extendant
1241 1758 1305 1824 Sed
1338 1764 1372 1824 et

270 1915 357 1975 Neque
363 1914 426 1962 enim
431 1915 576 1969 Arrianus,
582 1914 794 1977 dicthibunpag.
845 1917 913 1965 hona.
933 1919 1023 1966 Paulus
1032 1919 1209 1966 Sententiarum
1220 1930 1248 1966 v.
1257 1916 1296 1964 ua
1305 1915 1371 1962 xxiii.

268 1993 321 2039 448.
333 1991 375 2037 ubi
384 1990 504 2038 dosadm
514 2004 548 2048 rs,
558 1991 631 2037 ullam
638 1995 716 2038 motus
725 2004 794 2037 men·
845 1987 894 2048 §3-
916 1988 957 2049 qui
972 1990 1086 2037 iatronem
1099 1989 1184 2037 eoedcm
1202 1988 1250 2035 ciii
1268 1988 1371 2048 iry‘eren·

267 2067 360 2114 tionem
386 2066 452 2114 iacit.
480 2065 547 2113 vitto
571 2065 693 2113 memorias
719 2065 795 2126 igitur
845 2065 1019 2122 modalium
1025 2066 1146 2126 quemlibet
1155 2064 1371 2125 etupnmiaseren·

268 2143 364 2190 Auctor
378 2142 439 2189 dnos
457 2141 518 2188 istos
536 2141 670 2188 Historioos
686 2142 751 2189 inter
767 2155 794 2189 so
844 2144 889 2186 teas
899 2140 1019 2197 occiderit,
1024 2141 1110 2200 puniri
1119 2155 1165 2186 nou
1173 2140 1276 2200 placuit.
1296 2138 1371 2185 Alius

269 2217 385 2263 contudit.
418 2215 490 2263 Adde
504 2215 595 2262 dictum
608 2215 675 2262 aliud
688 2216 793 2276 eJusdem
844 2215 905 2261 enisa
914 2216 993 2273 vitais,
1004 2215 1188 2276 uiiuspudorem
1196 2215 1295 2275 publico
1298 2214 1369 2274 saci·

270 2290 386 2338 Csssnss
395 2291 461 2350 apud
469 2290 580 2339 Sueuos.
592 2289 677 2337 uJut.
688 2304 709 2338 c.
720 2293 757 2338 30.
769 2293 794 2337 et
844 2304 901 2336 nore
922 2290 1033 2350 defendit.
1064 2290 1216 2349 Augustinus
1235 2289 1297 2334 libro
1309 2302 1326 2335 r.
1341 2287 1371 2336 da

268 2363 696 2426 Pausiocnmsttscaeapaaoi.
716 2362 793 2426 MA]
843 2364 932 2411 Libero
949 2365 1078 2411 Arbitrio:
1101 2366 1154 2412 Lac
1174 2365 1217 2411 dut
1230 2368 1370 2424 possm

312 2439 324 2470 ⁶
339 2441 423 2487 Innnit
435 2441 514 2487 locum
530 2440 632 2487 Denter.
642 2441 699 2487 xxii.
710 2442 747 2497 26,
755 2440 793 2488 26.
843 2440 882 2486 oei
893 2441 982 2487 viatori
991 2446 1017 2487 ut
1029 2441 1150 2498 iatronem,
1160 2455 1188 2487 ne
1197 2441 1260 2485 obeo
1271 2439 1321 2499 ipsse
1329 2453 1370 2485 oc·

268 2516 333 2562 undo
343 2519 433 2569 umen,
443 2515 463 2560 sl
473 2515 547 2561 series
560 2513 674 2560 orationis
688 2527 793 2574 perpes·
844 2516 947 2573 cidutur,
962 2516 1072 2571 credun
1088 2517 1124 2562 oei
1142 2517 1245 2575 cuiyrium
1261 2516 1314 2560 uiro
1327 2518 1371 2561 out

268 2590 348 2642 datur,
363 2602 411 2635 non
425 2593 506 2649 potest
520 2588 580 2644 clici,
596 2588 681 2634 saltem
696 2589 793 2645 directe,
837 2589 937 2649 semine
946 2594 972 2636 ut
981 2589 1078 2636 violem
1086 2590 1133 2636 cibi
1138 2594 1293 2649 stupratorem
1303 2590 1369 2635 irru-

269 2664 408 2725 pudicitium
419 2663 607 2722 sitiesdesquari.
637 2663 664 2709 J.
674 2663 707 2708 Β.
844 2670 922 2720 mim,
933 2670 976 2710 uui
982 2669 1038 2724 post
1047 2664 1140 2711 ilatum
1153 2670 1266 2724 nupmm,
1278 2665 1302 2710 si
1311 2678 1369 2724 poe·

315 2738 555 2784 nPutiim'tiuuroiim
566 2735 685 2796 adaques]
703 2737 794 2784 Seneca
843 2740 1014 2795 ait,interimut.
1041 2737 1113 2799 [Cup.
1123 2740 1148 2785 6.
1169 2739 1370 2786 ltahnncloonru

269 2813 299 2860 dc
312 2813 437 2872 Beneficiis
453 2812 538 2872 primo,
554 2811 633 2870 cupite
652 2812 791 2860 undecimo:
844 2813 977 2873 Augustini
998 2813 1092 2860 Auctor
1115 2818 1197 2860 noster
1217 2815 1369 2871 laudaveram

271 2888 391 2934 Proxima
400 2888 431 2932 ut
447 2887 485 2932 laia
495 2890 549 2932 sunt
557 2886 607 2930 sinc
617 2885 701 2944 quibus
706 2900 793 2945 possm
844 2888 908 2934 unde
919 2888 942 2932 in
950 2889 1105 2947 sequentibus
1115 2890 1178 2936 Edd.
1188 2890 1304 2943 iecerunt,
1315 2896 1371 2936 mute

268 2975 319 3006 mua
333 2960 425 3020 quidem
441 2961 526 3016 cicere,
541 2960 583 3005 scd
597 2964 623 3005 ut
638 2973 701 3006 soora
713 2961 794 3019 potior
844 2966 948 3021 uutpmt
958 2962 1051 3008 illatum
1065 2968 1171 3022 stuprum
1185 2962 1228 3010 dic.
1245 2964 1312 3010 nulla
1326 2978 1371 3011 ne·

267 3037 308 3092 ait,
315 3040 428 3095 tuuquuru
435 3035 568 3092 liberiorem
574 3033 794 3093 namucum
844 3037 962 3093 comiato,
970 3037 1127 3096 positoetiam
1137 3052 1214 3097 sensu,
1221 3053 1292 3100 quern
1302 3040 1370 3086 Auo.

269 3238 361 3310 [Sco]
397 3242 504 3299 Gellius
516 3260 587 3315 says,
605 3261 624 3299 a
637 3260 704 3299 man
719 3246 743 3301 is
759 3253 811 3301 not
831 3251 861 3302 to
879 3252 925 3301 act
943 3246 1001 3300 liko
1019 3264 1037 3301 a
1053 3247 1201 3318 gladiator,
1216 3247 1279 3303 who
1293 3256 1370 3305 must

268 3328 319 3382 kill
333 3345 368 3383 or
381 3328 524 3385 bekilled.
572 3330 610 3385 So
626 3330 732 3396 Cicero,
747 3333 852 3403 quoted
867 3332 904 3404 by
920 3333 1090 3396 Quintilian:
1122 3334 1279 3405 Euripides,
1290 3335 1371 3390 Thu·

268 3414 393 3482 cydides,
411 3415 491 3487 Livy.
537 3417 693 3481 Quintilian
707 3424 814 3489 quotes,
830 3419 898 3473 Wio
912 3419 1025 3473 allowed
1038 3437 1094 3490 you
1107 3422 1269 3494 moiseori
1304 3421 1370 3476 And

269 3514 301 3554 so
314 3499 396 3553 Liria
409 3501 517 3557 inDio.
556 3498 646 3572 [Sos]

325 3589 342 3636 2
369 3585 399 3637 11*
410 3602 465 3656 any
477 3603 531 3642 ono
542 3588 632 3642 direct
643 3590 753 3659 against
765 3607 797 3644 us
809 3591 934 3644 violence
945 3597 996 3645 not
1008 3596 1121 3661 present
1131 3609 1139 3655 ;
1160 3607 1191 3645 as
1203 3592 1229 3645 if
1237 3592 1274 3646 he
1285 3593 1368 3648 make

270 3684 289 3720 a
301 3669 473 3741 conspiracy,
491 3688 524 3725 or
536 3672 581 3743 luy
593 3690 630 3726 an
641 3674 768 3738 ambush,
787 3693 819 3729 or
830 3681 882 3747 put
893 3676 991 3746 poison
1003 3676 1033 3728 in
1051 3692 1103 3730 our
1114 3694 1182 3747 way,
1197 3693 1230 3732 or
1240 3679 1322 3732 assail
1334 3695 1367 3732 us

270 3752 338 3806 with
352 3769 370 3807 a
386 3753 457 3809 salse
471 3759 640 3822 accusation,
665 3759 737 3814 false
758 3761 917 3832 testimony,
936 3778 969 3816 or
991 3761 1143 3832 iniquitous
1160 3763 1327 3834 judgmont;
1351 3764 1366 3816 I

270 3837 346 3909 deny
366 3838 429 3893 that
452 3839 489 3895 he
509 3858 575 3913 may
598 3843 633 3898 bo
652 3844 776 3917 lawfully
791 3845 871 3912 slsin,
892 3847 918 3900 if
933 3846 1024 3902 either
1042 3847 1091 3903 the
1118 3849 1224 3920 danger
1241 3865 1306 3918 may
1328 3847 1366 3901 bo

270 3922 416 3980 otherwise
431 3926 558 3992 avoided,
578 3944 611 3983 or
631 3930 654 3984 it
674 3929 710 3985 bo
726 3937 777 3985 not
796 3933 902 3986 certain
923 3932 985 3987 that
1005 3935 1029 3988 it
1048 3941 1152 3989 cannot
1168 3935 1205 3988 be
1218 3932 1365 3988 otherwise

269 4009 414 4065 avoided.¹
442 4011 500 4065 For
518 4013 602 4085 delay
623 4015 717 4071 allows
739 4034 869 4072 rocourso
889 4024 920 4073 to
940 4036 1024 4091 many
1046 4020 1181 4075 semodios
1203 4018 1258 4072 und
1279 4035 1366 4090 many

269 4095 406 4162 chauces3
428 4112 458 4151 as
472 4113 514 4152 wo
533 4114 590 4170 say,
607 4099 733 4157 between
749 4103 798 4157 tho
817 4120 871 4174 cup
886 4104 941 4157 and
963 4104 1012 4159 the
1031 4106 1080 4177 lip.
1126 4103 1269 4175 Although
1284 4103 1366 4159 thore

268 4198 318 4236 aro
332 4188 383 4237 not
396 4182 520 4254 wanting
533 4183 603 4238 both
617 4186 637 4239 J
638 4187 720 4241 urists
734 4189 789 4243 and
804 4189 920 4244 Divinos
937 4190 999 4244 who
1016 4192 1119 4246 extend
1134 4191 1183 4247 tho
1197 4190 1367 4261 indulgence

268 4267 388 4322 further.
425 4270 483 4323 But
495 4268 544 4324 tho
556 4269 638 4324 other
651 4272 775 4342 opinion,
788 4274 878 4331 which
889 4276 912 4331 is
928 4275 976 4331 tho
987 4275 1082 4332 better
1095 4278 1152 4333 and
1166 4277 1250 4343 safer,
1268 4278 1292 4333 is
1307 4277 1367 4331 also

269 4360 320 4409 not
331 4354 450 4411 without
460 4356 497 4412 its
511 4354 686 4412 authorities.
