2866 4906
130 258 200 313 (iar.
215 255 283 324 ΙΙΙ.]
379 256 447 312 UBI
469 258 520 311 Du
543 255 642 311 Mum
663 257 713 312 ET
735 255 985 312 FLUMINIBUS.
1167 247 1227 310 261

130 431 215 498 runt,
233 421 266 487 id
284 429 341 499 est,
361 445 400 489 ue
417 422 523 510 populi
537 423 661 509 quidem
678 422 786 488 ullius:
810 444 879 487 cum
902 443 963 507 quo
988 441 1135 507 responso
1151 442 1230 508 pug-

130 543 208 587 nare
224 520 359 597 videtur,
377 522 460 607 quod
477 522 585 588 Ochus
599 520 742 607 scripsit:
768 523 912 595 Littoro,
935 522 972 584 ia
996 543 1068 602 quse
1089 521 1378 609 popularitates

131 625 301 686 Romanus
313 622 485 707 imperium
497 622 602 700 habet,
617 621 734 706 populi
744 622 887 684 Romani
898 640 963 684 esse
974 620 1143 683 arbitror:
1159 641 1228 682 ma·
1241 588 1269 672 it
1275 586 1389 679 iiiiii

131 721 181 785 rie
192 731 301 784 autem
313 742 407 784 usum
419 741 612 784 commanem
622 720 769 784 omnibus
778 719 969 783 homiuibus.
996 716 1060 782 Sed
1073 714 1229 781 conciliari

131 816 278 883 ridentur
293 817 340 881 ita
355 818 423 883 haec
439 838 539 904 posse,
565 815 591 882 si
616 816 752 882 dicantus
768 816 933 880 Neratium
956 814 996 881 de
1015 814 1121 880 littore
1134 814 1229 900 loqui,

132 923 285 1001 quatenus
313 937 388 981 usus
417 915 484 1002 ejus
512 914 742 1003 navigantibus,
769 923 825 980 eut
851 913 1154 1001 pratervehentibus
1181 920 1231 979 est

132 1013 332 1080 necessarius.
380 1014 502 1080 Celsum
522 1035 598 1080 vero
618 1020 771 1099 quatenus
790 1012 832 1077 ad
856 1011 1021 1078 utilitatem
1046 1020 1230 1099 perpetuam

133 1112 326 1188 ⁵assumitur,
352 1121 429 1200 puta
454 1112 495 1177 ad
521 1111 681 1177 aedificium
706 1131 912 1196 permanens:
942 1111 1026 1196 quod
1050 1132 1071 1176 a
1091 1119 1230 1197 praetere

133 1209 294 1297 impetrari
309 1212 410 1276 solere
426 1211 613 1297 Pomponius
628 1231 684 1275 nos
701 1209 800 1286 docet,
818 1217 854 1274 ut
873 1217 908 1275 et
930 1209 982 1295 jus
1004 1207 1175 1275 aedificandi
1199 1209 1233 1273 in
1246 1233 1271 1271 n
1282 1231 1388 1315 pm.

134 1308 224 1388 mari,
249 1309 283 1375 id
308 1319 365 1389 est,
391 1308 424 1375 in
448 1317 541 1397 parte
565 1308 665 1375 littori
689 1307 841 1394 proxima,
872 1314 999 1394 atquae
1022 1308 1121 1375 littori
1144 1279 1398 1395 quasiiita'd‘m‘

133 1416 322 1474 accensetur.

203 1508 245 1573 X.
301 1511 320 1572 1
349 1507 428 1572 Haeo
444 1527 621 1593 quanquam
639 1527 715 1572 vera
735 1513 808 1572 sunt
824 1514 929 1572 umen
943 1509 1000 1572 ‘ex
1015 1505 1157 1573 institute
1172 1527 1235 1571 non

136 1627 176 1670 ex
190 1605 325 1672 naturali
339 1605 460 1672 ratione
476 1604 629 1692 provenit,
649 1605 734 1690 qnod
754 1626 841 1670 mare
857 1626 894 1670 ec
911 1626 974 1691 quo
994 1604 1127 1670 diximus
1143 1625 1236 1670 sensu

136 1713 316 1792 occupatum
341 1725 404 1769 non
428 1710 486 1781 est,
516 1712 572 1769 aut
595 1702 737 1790 occupari
756 1702 830 1789 jure
854 1724 917 1768 non
941 1701 1051 1791 potuit
1097 1702 1181 1769 Nam
1204 1709 1237 1767 st

136 1802 249 1868 flumen
264 1803 419 1890 publicum
436 1810 494 1880 est,
507 1810 543 1867 ut
557 1801 679 1877 scimus,
692 1810 726 1868 et
748 1810 852 1867 tamen
863 1800 917 1887 jus
932 1801 1072 1889 piscandi
1083 1800 1118 1866 in
1133 1801 1237 1866 direr-

136 1901 230 1966 ticulo
247 1901 381 1967 fluminis
405 1901 550 1989 occupari
571 1922 592 1966 a
615 1901 739 1988 privato
755 1909 878 1987 potest:
901 1901 957 1966 sed
974 1900 1063 1966 etde
1079 1898 1237 1965 maridis-
1249 1916 1274 1954 ta
1284 1914 1377 2003 stipu-

1248 1961 1384 2045 wahl).

136 2008 240 2066 tuma
260 2001 358 2066 Paulo
375 2008 433 2077 est,
450 2000 477 2064 si
493 1999 588 2065 maris
602 1999 762 2086 proprium
782 1998 834 2085 jus
855 1998 898 2063 ad
920 1999 1054 2085 aliquem
1070 1997 1235 2085 pertineat,
1251 2053 1321 2099 m
1329 2053 1394 2090 Μ

136 2098 183 2163 uti
209 2098 373 2185 possidetis
402 2097 601 2164 interdictum
620 2098 650 2163 ei
676 2106 873 2183 competere;
899 2099 1046 2183 quoniam
1070 2097 1112 2162 ad
1134 2096 1388 2191 priva-lgm

137 2204 202 2262 tam
221 2198 287 2284 jam
312 2218 437 2263 oausam
458 2196 595 2285 pertinet
616 2218 679 2262 non
703 2196 745 2262 ad
765 2194 919 2283 publicam
940 2196 1008 2261 haeo
1031 2217 1102 2262 res:
1127 2202 1237 2281 utpote
1249 2191 1279 2269 P*
1288 2189 1305 2226 ¹·

139 2317 208 2360 cum
232 2295 272 2360 de
292 2295 366 2382 jure
388 2295 512 2361 fruendi
527 2304 651 2384 agatur,
668 2294 752 2381 quod
768 2315 808 2358 ex
826 2294 951 2380 privata
965 2315 1058 2360 cama
1073 2292 1236 2381 contingit,

139 2417 201 2460 non
227 2416 267 2461 ex
292 2393 433 2482 publica:
456 2394 510 2460 nbi
534 2394 619 2459 haud
644 2393 738 2460 dubie
758 2384 811 2457 ‘de
833 2393 947 2482 exigua
968 2393 1037 2481 agit
1052 2391 1147 2457 maris
1164 2412 1238 2478 por-

139 2552 284 2614 τῇπᾶντων
295 2551 397 2613 ἐξουσίᾳ
407 2552 470 2598 etot·
487 2551 570 2598 littora
579 2550 605 2596 in
614 2565 662 2596 om-
712 2548 750 2596 nsi
765 2552 790 2596 et
802 2548 879 2609 Angli
894 2552 978 2595 contra
991 2546 1090 2595 Dsnoss
1105 2546 1160 2594 vids
1174 2547 1240 2606 opti·

139 2629 202 2674 nium
216 2634 270 2675 runt
280 2631 404 2688 potestate.
418 2626 482 2674 Vide
496 2631 522 2672 st
534 2626 596 2672 libro
607 2638 663 2671 nur.
712 2637 779 2670 mum
798 2623 947 2670 Csmdsnnm
962 2621 988 2669 lu
1002 2635 1079 2683 regno
1094 2620 1239 2668 Elisabetbae

140 2704 178 2750 tit.
188 2703 219 2749 vi.
713 2712 777 2744 suno
788 2699 834 2744 clo
845 2699 899 2745 loo.

184 2776 194 2805 ⁶
209 2775 301 2822 Vocem
308 2780 446 2835 perpetuosa
455 2773 543 2831 addidi,
553 2788 608 2834 quas
622 2788 664 2820 sx-
759 2772 768 2806 ¹
779 2772 820 2818 Dc
828 2772 1180 2833 umammmisportions,
1187 2783 1241 2832 quea

141 2851 199 2897 cidit
210 2851 235 2896 in
250 2850 359 2896 omnibns
374 2848 536 2904 finitionibus,
552 2855 578 2895 et
592 2862 665 2907 quam
715 2845 740 2891 is
752 2845 859 2905 fundura
874 2844 995 2904 priuatum
1014 2843 1161 2904 admittitur]
1188 2845 1241 2890 Sal.

140 2924 222 2970 deesse
236 2924 362 2970 muniissto
377 2928 445 2983 patet
460 2937 490 2969 ex
506 2922 669 2983 oppositione..
714 2920 801 2966 lustins
817 2919 895 2979 (Bell.
910 2919 984 2967 casti.
999 2935 1020 2967 c.
1036 2921 1091 2973 lah
1106 2935 1124 2966 a
1135 2921 1242 2980 privatio

140 2998 168 3046 J.
179 2999 210 3045 Β.
715 2996 873 3056 corruptoribus
896 2996 1018 3042 miratos
1039 3000 1133 3054 monta,
1161 2996 1242 3043 moria

185 3073 251 3118 ens
269 3070 387 3132 instituto]
405 3072 460 3127 Quo
484 3072 538 3132 ipso
555 3071 666 3118 instituto
716 3075 858 3118 sonnacio.
873 3070 989 3118 Horatius
996 3070 1135 3133 Lyricorum
1141 3071 1203 3117 libro
1211 3084 1242 3119 11.

141 3286 191 3341 the
204 3286 317 3339 Roman
334 3283 478 3356 authority
488 3284 605 3355 belongs
619 3292 649 3340 to
660 3285 710 3341 the
726 3287 838 3342 Roman
849 3285 964 3356 pooplc;
981 3283 1034 3340 but
1051 3285 1114 3340 that
1128 3284 1178 3340 the
1193 3302 1242 3340 sea

142 3372 166 3425 is
178 3385 315 3425 common.
354 3369 415 3422 Tho
429 3375 484 3422 two
496 3386 562 3441 may
578 3369 615 3425 be
628 3372 794 3435 reconciled,
807 3371 834 3425 ii
841 3387 883 3426 we
895 3385 1015 3441 suppose
1030 3370 1094 3425 that
1105 3371 1241 3425 Neratius

142 3460 238 3508 meant
249 3452 298 3507 the
313 3469 363 3507 use
377 3454 410 3507 of
418 3452 467 3508 the
481 3453 564 3509 shore
576 3471 606 3509 ss
616 3453 662 3508 tur
671 3471 701 3510 as
716 3456 740 3510 it
751 3457 775 3511 is
789 3455 859 3511 used
872 3456 911 3527 by
922 3455 1080 3526 navigatore
1092 3471 1125 3510 or
1138 3456 1241 3510 travel-

142 3540 213 3602 lers;
224 3538 277 3592 but
289 3538 394 3603 Celsus,
405 3554 436 3593 so
447 3539 492 3592 far
503 3556 534 3594 as
545 3540 568 3594 it
579 3541 602 3595 is
614 3540 699 3595 taken
712 3558 750 3613 up
762 3541 807 3595 for
818 3557 895 3596 some
906 3546 1073 3613 permanent
1084 3557 1142 3604 use,
1154 3557 1184 3595 as
1195 3541 1242 3595 for

141 3639 160 3678 a
173 3624 309 3694 building.
341 3625 398 3679 For
414 3623 478 3689 this,
493 3641 523 3679 ss
537 3626 710 3697 Pomponius
727 3627 840 3682 teaches
855 3643 896 3691 us,
907 3643 963 3680 was
977 3626 1110 3681 obtained
1126 3628 1192 3698 only
1203 3628 1242 3699 by

143 3711 312 3782 application
325 3715 355 3764 to
367 3709 416 3764 the
424 3710 521 3781 judgc.
533 3727 564 3765 as
578 3711 636 3766 also
648 3711 697 3766 the
708 3712 785 3782 right
799 3711 832 3766 oi
842 3711 970 3782 building
980 3713 1011 3765 in
1022 3711 1071 3766 the
1084 3729 1140 3768 sea.

149 3794 152 3799 ’
199 3797 237 3850 X.
277 3801 291 3848 1
320 3793 439 3866 Though
456 3796 513 3850 this
523 3796 547 3851 is
561 3813 601 3862 so,
618 3803 666 3869 yet
682 3796 745 3853 that
756 3796 805 3851 the
822 3813 879 3861 sea,
890 3798 921 3850 in
934 3797 983 3851 the
997 3813 1078 3852 sense
1092 3797 1183 3852 which
1200 3815 1242 3853 we

142 3880 213 3936 haro
230 3883 338 3952 spoken
352 3881 390 3946 oi,
408 3883 432 3935 is
449 3887 500 3936 not
518 3882 662 3953 occupied,
684 3897 738 3935 nor
754 3898 808 3936 can
825 3881 950 3955 lswtully
967 3881 1003 3936 bc
1018 3883 1162 3954 occupied,
1180 3884 1204 3939 is
1225 3899 1244 3938 a

142 3967 230 4021 result
242 3967 275 4022 of
286 3967 453 4029 institution,
468 3973 519 4021 not
533 3968 566 4020 oi
578 3967 690 4020 natural
704 3982 812 4022 reason.
841 3967 898 4019 For
912 3982 930 4020 a
943 3966 1018 4022 river
1031 3968 1055 4023 is
1069 3969 1164 4040 pnblic
1178 3985 1243 4040 pro·

142 4060 232 4123 perty‚
243 4069 273 4106 as
286 4069 326 4106 we
336 4053 431 4117 know3
451 4052 508 4105 and
519 4057 567 4123 yet
580 4051 628 4107 the
640 4049 716 4122 right
727 4049 866 4121 oiflshing
877 4051 908 4105 in
918 4068 936 4106 a
947 4053 1054 4108 certain
1065 4053 1141 4108 bend
1154 4054 1187 4108 of
1194 4052 1245 4108 the

143 4137 217 4189 river
228 4154 293 4207 may
307 4137 411 4207 belong
425 4143 485 4191 tos
499 4137 607 4208 private
621 4152 724 4206 person
738 4135 777 4206 by
791 4137 972 4207 occupaticn:
987 4138 1045 4193 snd
1058 4138 1164 4194 Paulus
1177 4154 1245 4209 pro·

144 4220 281 4285 nounced,
296 4221 358 4276 that
372 4221 398 4274 if
407 4238 462 4292 any
474 4237 529 4275 ono
541 4220 624 4276 could
638 4219 710 4274 have
721 4225 856 4295 property
865 4221 896 4276 in
907 4221 958 4279 the
971 4238 1028 4290 saa,
1042 4222 1080 4278 he
1091 4221 1181 4293 might
1193 4221 1244 4276 ob-

144 4305 204 4358 tain
219 4320 237 4357 a
250 4311 382 4360 sentence
396 4306 430 4359 oi
440 4305 491 4360 the
505 4312 587 4361 court
600 4307 631 4359 in
642 4305 692 4360 the
702 4305 784 4360 usual
796 4305 880 4373 form,
893 4308 935 4362 uti
944 4307 1090 4380 possidetis,
1104 4307 1181 4361 since
1194 4305 1246 4361 the

145 4405 208 4443 csse
216 4389 308 4442 would
321 4390 358 4444 be
366 4406 385 4443 a
395 4391 512 4460 private,
523 4397 575 4448 not
586 4407 604 4446 a
614 4390 710 4465 publio
719 4407 774 4448 one
780 4409 789 4460 ς
804 4391 857 4450 bnt
867 4390 965 4450 inthis
976 4392 1014 4449 he
1023 4391 1132 4466 speaks,
1142 4389 1246 4448 doubt·

1224 4438 1393 4608 Ι
