2866 4906
239 217 304 282 320
488 226 541 281 DE
563 223 839 289 AGQUISITIONE
863 221 1094 278 ORIGINARIA
1212 221 1290 291 [Lm.
1304 222 1345 276 11.

76 409 219 497 pepp-oet.
239 391 331 457 nibus
347 397 486 479 apparet.
533 390 725 480 Augustinus
746 391 816 456 ¹¹¹de
833 389 1019 478 patruelium
1041 399 1074 455 et
1088 389 1347 456 consobrinorum

106 485 112 496 ’
239 490 391 579 conjugiis
412 491 496 556 inter
513 491 705 557 Christianos
722 489 871 577 loquens:
895 493 998 565 Raro,
1024 488 1133 574 inquit,
1153 512 1217 576 per
1239 513 1347 557 mores

234 592 337 675 flebat
356 592 442 676 quod
450 592 530 673 ficti
543 612 603 673 per
622 592 703 676 lepos
720 593 846 664 licebat,
864 591 943 672 quic
966 591 1004 653 icl
1020 610 1077 652 nec
1101 590 1218 654 divina
1227 592 1347 676 prohi-

240 692 320 766 buit,
339 702 369 754 et
385 692 530 754 madum
539 692 755 775 prohibuerat
773 691 823 754 lec
845 691 1013 752 humana:
1038 701 1257 753 verumtamen
1264 691 1347 773 sac-

241 801 309 855 tum
336 791 436 855 etiam
462 790 588 855 licitum
609 802 747 876 propter
771 790 973 854 vicinitatem
997 788 1191 852 horrebatur
1215 789 1344 854 illiciti.

241 886 336 953 Hane
358 909 479 953 morum
496 888 713 956 verecundiam
734 888 819 975 leges
841 907 951 974 regum
971 907 1008 951 ac
1025 885 1209 972 populorum
1225 897 1345 952 secutae

136 1056 140 1063 ,
240 996 334 1053 sunt:
359 987 439 1053 siout
462 986 651 1053 ¹¹Theodosii
676 985 853 1052 constitutio
877 984 1064 1072 patruelium
1090 992 1127 1049 et
1146 985 1347 1051 consobrino-

240 1107 311 1152 rum
336 1085 480 1176 conjugia
500 1085 610 1164 vetuit,
633 1085 780 1151 laudante
800 1085 833 1151 id
851 1085 979 1162 factum,
1004 1091 1041 1148 ut
1061 1081 1185 1169 pietatis
1205 1084 1345 1173 plenum,

240 1184 416 1252 Ambrosio.

316 1287 339 1349 4
372 1285 436 1351 Sed
461 1284 618 1353 sciendum
641 1284 731 1351 simul
755 1291 813 1362 est,
840 1286 921 1350 ⁰non
945 1284 1029 1370 quod
1050 1285 1181 1352 vetitum
1206 1292 1255 1350 est
1275 1283 1348 1350 fieri

241 1384 313 1473 lege
332 1385 478 1463 humana,
499 1387 525 1451 si
541 1386 606 1463 fiat,
626 1385 751 1451 irritum
767 1405 891 1471 quoque
911 1405 988 1460 esse,
1006 1384 1065 1449 nisi
1089 1395 1122 1451 et
1140 1384 1200 1448 hoc
1219 1382 1273 1449 lex
1290 1384 1347 1448 ad-

244 1484 359 1550 diderit
373 1495 429 1551 aut
443 1484 672 1574 significaverit.
712 1484 821 1550 Canon
837 1482 1012 1549 Eliberinus
1028 1504 1092 1550 nx:
1136 1482 1171 1548 Si
1188 1482 1258 1568 quis
1274 1493 1349 1570 post

243 1583 362 1649 obitum
378 1584 484 1650 uxoris
499 1606 564 1651 suae
580 1587 740 1649 l’sororem
756 1582 823 1670 ejus
840 1581 976 1660 duxerit,
994 1590 1027 1648 et
1043 1583 1110 1670 ipse
1121 1581 1218 1647 fuerit
1233 1580 1347 1659 fidelis,

287 1783 305 1809 ὓ
320 1777 361 1823 De
367 1776 513 1836 patruelium
521 1774 648 1837 cortiupiis]
665 1775 768 1835 AEsehp·
817 1774 896 1820 tendit
905 1773 945 1820 lex
955 1773 1057 1820 Houorii
1067 1778 1093 1822 et
1105 1774 1233 1821 Theodosii
1246 1775 1349 1822 minoris

242 1850 281 1898 lus
306 1851 463 1898 Danaidibus.
495 1851 586 1910 [Immo
609 1851 771 1911 supplicibus,
816 1848 1057 1905 nlineodemcodice,
1072 1850 1162 1895 titulos
1176 1850 1198 1895 ri
1212 1850 1303 1909 nuptioe
1317 1865 1348 1896 a·

244 1924 282 1985 [v.
296 1927 333 1972 38.
355 1925 392 1972 ed.
408 1925 540 1987 Dindurfi]
561 1926 603 1972 ubi
625 1926 656 1971 ds
679 1925 769 1971 Danai-
816 1923 931 1981 rescripto
952 1927 1072 1982 pdantur.
1104 1924 1184 1969 Secuti
1210 1928 1237 1970 et
1257 1924 1348 1970 Gotthi

242 1999 323 2060 dibus]
346 2005 416 2047 vocat
430 2002 525 2061 λέκτρα
541 2000 575 2047 ὤν
594 2001 662 2059 θέμις
680 2000 769 2060 εἴργει,
817 2011 896 2057 reges.
928 1999 1085 2044 Cassiodorus
1099 1998 1200 2045 vinti:
1217 1998 1273 2044 Hoc
1286 2013 1349 2058 pru·

243 2075 333 2123 ruhilia
343 2075 443 2135 pcoejus
448 2075 566 2134 probibet,
576 2079 601 2121 et
610 2075 646 2120 nit
654 2074 688 2121 sie
701 2076 769 2128 μιαί·
817 2071 895 2117 dentes
907 2072 955 2117 oiri
969 2077 1088 2132 sequentes
1102 2072 1237 2131 exemplans,
1251 2072 1348 2131 loupiac

243 2150 600 2210 vscluiyioos,soeduriperun.
630 2149 769 2196 AtSchuli-
812 2147 928 2206 pudicam
947 2146 1119 2193 observantium
1140 2148 1246 2207 posteris
1264 2153 1347 2194 trans·

242 2231 307 2273 astes
316 2226 383 2271 addit
393 2224 530 2284 illegitimas
544 2224 617 2270 fuisse
632 2224 693 2271 tales
707 2239 769 2285 nup·
817 2222 937 2277 nummi,
957 2227 1100 2268 reservantes
1122 2223 1231 2282 principi
1255 2227 1349 2269 tuntum

243 2301 297 2356 tias,
306 2300 371 2359 quod
380 2299 458 2345 adhue
469 2299 559 2345 vireret
566 2299 683 2358 virginum
693 2306 770 2359 peter,
818 2296 950 2354 heneficium
970 2297 1114 2342 coruohrinis
1129 2297 1233 2357 nuptiali
1247 2299 1347 2358 copula·

243 2371 311 2431 quusi
327 2372 400 2430 Justto
415 2370 503 2415 tutus
517 2370 608 2416 fuerint
622 2384 651 2416 eo
666 2376 769 2429 mortuo,
818 2370 1002 2432 ticncjuqendis·
1034 2371 1081 2418 Ubi
1092 2378 1117 2418 et
1129 2372 1257 2418 formulam
1273 2373 1348 2419 habes

243 2445 344 2505 exlege
363 2446 417 2490 τῶν
436 2444 586 2504 ἐπικλήρων.
612 2445 641 2491 lu
662 2447 770 2491 oratione
818 2448 873 2493 tulis
892 2447 967 2493 venia
992 2447 1138 2508 principalis.
1170 2447 1301 2508 [Arcadius
1321 2453 1349 2496 et

245 2521 287 2580 Sp.
299 2519 418 2579 Ligustini
429 2518 486 2564 ciris
495 2519 597 2564 Romani
605 2520 669 2578 apud
676 2519 769 2564 Livium
817 2522 947 2579 Honorius,
957 2523 999 2582 qui
1009 2525 1086 2583 primo
1097 2525 1190 2584 imperii
1200 2538 1263 2570 anno
1270 2523 1349 2584 patris

244 2600 282 2640 est
306 2593 373 2651 (Lib.
393 2606 459 2638 xurr.
480 2607 501 2639 c.
522 2593 579 2650 34):
611 2593 688 2638 Pater
711 2592 770 2637 mili
817 2597 854 2642 sui
862 2596 1262 2659 Constitutionemfirmerantpost
1270 2612 1348 2644 annos

242 2669 436 2728 urorernsratrir
445 2668 569 2727 saisitione
578 2668 649 2713 dedit.
675 2668 736 2715 Vide
745 2670 784 2714 et‘
817 2672 917 2732 aliquot,
927 2672 1086 2732 permiserunt
1095 2675 1274 2720 matrimonium
1283 2675 1348 2720 inter

244 2744 324 2789 Plauti
339 2743 467 2788 Poenulurn.
485 2743 529 2801 (V.
542 2746 566 2789 3.
576 2742 626 2801 37).
819 2747 989 2804 Consobrinus,
1002 2754 1027 2794 et
1046 2749 1249 2795 Constitutionem
1260 2750 1305 2795 hac
1316 2750 1348 2796 de

289 2826 300 2850 ¹¹
320 2817 448 2864 Theodosii
468 2817 618 2877 constitutio]
640 2817 725 2864 Victor
740 2817 770 2863 de
817 2836 844 2868 re
855 2821 941 2868 editam
953 2821 972 2868 J
973 2823 1106 2869 ustiniauus
1116 2824 1139 2868 in
1152 2824 1264 2870 Codioem
1275 2823 1348 2870 suuni

244 2907 273 2938 eo
294 2893 375 2952 (Epit.
393 2907 415 2939 e.
434 2890 490 2951 48):
507 2897 597 2937 tantum
613 2892 706 2951 pudori
726 2893 770 2938 tri·
818 2897 910 2953 retulit,
920 2897 948 2942 1..
959 2898 995 2946 19.
1008 2898 1036 2945 C.
1046 2897 1086 2943 De
1095 2897 1203 2957 Nuptiis.
1225 2899 1288 2945 Vide
1304 2893 1348 2944 Inss

244 2968 314 3012 luctu
331 2972 352 3011 et
368 2967 520 3023 continentia,
539 2972 565 3012 ut
580 2968 771 3013 consobrinorum
818 2975 937 3030 terpretes
957 2972 988 3017 ad
1007 2972 1086 3019 Insfit.
1107 2973 1156 3020 Tit.
1176 2973 1216 3019 De
1236 2972 1348 3033 Nuptiis,

244 3042 339 3100 nuptiae
348 3042 453 3097 semerit,
464 3046 576 3100 tanquam
585 3056 701 3090 sororum.
716 3044 770 3089 Mo·
820 3045 868 3105 54.
884 3047 1046 3105 etpraesertim
1058 3061 1172 3106 magnum
1183 3049 1348 3107 Interpretem

244 3115 314 3160 minit
324 3119 349 3160 et
359 3114 472 3160 Libnnius
485 3115 593 3161 oratioue
605 3116 634 3162 dc
644 3117 769 3177 Anpuriin
820 3120 915 3166 Codicis
931 3122 1098 3180 Theodosium,
1115 3123 1173 3169 Jso.
1186 3123 1348 3169 Goruornr-

245 3191 332 3238 Exstat
342 3189 439 3236 Arcadii
453 3195 479 3236 st
492 3190 595 3236 Honorii
609 3192 649 3238 lex
665 3193 770 3251 ejusdem
819 3207 885 3251 nun,
894 3194 918 3240 in
930 3196 1015 3242 titulos
1024 3198 1056 3242 ab
1067 3199 1174 3243 Auctore
1185 3203 1268 3244 nostro
1283 3199 1348 3245 indi-

244 3278 335 3322 sensus,
351 3278 404 3324 quas
422 3264 494 3311 tertia
509 3271 546 3311 est
562 3266 591 3311 C.
604 3267 771 3313 Theodosiuno
819 3275 893 3316 catos.
922 3269 1004 3329 Mn]

244 3339 490 3400 deInccttisNuptiis.
505 3341 610 3388 Concedi
618 3343 770 3402 tameuprin·
865 3354 876 3377 ⁰
892 3345 952 3390 Non
962 3346 1124 3405 quoductiturn
1134 3347 1224 3406 estlopc
1234 3348 1348 3406 bonnm,

244 3417 325 3477 cipum
340 3417 434 3464 indulto
449 3417 531 3464 solitus
547 3418 643 3477 nuptias
658 3419 718 3464 tales
733 3433 772 3464 os·
819 3420 903 3479 ciflat,
921 3420 1015 3466 irritum
1034 3436 1125 3482 qnoque
1144 3421 1204 3482 esse]
1227 3423 1256 3467 In
1277 3426 1349 3483 Agu-

246 3662 365 3727 cousins,
384 3681 439 3717 was
460 3665 587 3729 avoided,
607 3683 637 3720 as
658 3665 849 3738 approaching
871 3667 1020 3722 forbidden
1040 3668 1159 3738 ground.
1205 3665 1269 3722 And
1290 3667 1348 3724 this

245 3748 350 3818 feeling
362 3765 415 3802 uns
428 3749 557 3804 followed
572 3751 609 3822 by
621 3751 670 3806 tho
681 3752 755 3807 laus.
791 3752 963 3808 Theodosius
975 3753 1093 3808 forbadu
1105 3753 1154 3808 the
1165 3754 1303 3824 marriage
1316 3755 1352 3808 of

245 3834 364 3896 cousins,
379 3834 435 3887 und
450 3835 585 3889 Ambrose
599 3838 710 3906 praised
725 3838 783 3890 him
797 3839 843 3893 for
858 3840 943 3909 doing
957 3856 996 3892 so.

303 3924 320 3970 4
346 3919 402 3972 But
414 3919 436 3972 it
451 3921 473 3973 is
484 3927 514 3973 to
527 3921 562 3974 bo
577 3923 748 3977 understood
760 3923 823 3978 that
836 3924 909 3978 what
924 3925 946 3978 is
962 3923 1110 3979 forbidden
1125 3923 1163 3995 by
1174 3923 1280 3977 human
1292 3924 1348 3977 law

246 4002 269 4057 is
280 4011 331 4057 not
342 4005 509 4075 necessarily
522 4006 585 4059 void
598 4007 678 4062 when
690 4010 713 4062 it
725 4010 747 4062 is
760 4009 842 4074 done,
855 4015 954 4080 except
966 4010 1015 4064 tho
1027 4011 1093 4063 Lau
1105 4025 1136 4064 so
1148 4009 1259 4063 directe.
1284 4009 1348 4064 The

246 4089 344 4144 Canon
358 4105 406 4143 nx.
422 4090 455 4143 of
467 4091 570 4144 Serille
584 4094 693 4162 anysii
705 4111 760 4165 any
775 4111 828 4148 one
843 4096 916 4149 after
931 4094 980 4149 the
995 4095 1081 4150 death
1093 4096 1126 4150 of
1136 4095 1180 4149 his
1195 4095 1258 4148 wife
1272 4095 1348 4149 shall

245 4193 339 4246 marry
351 4175 403 4229 her
413 4176 502 4239 sister,
515 4174 550 4229 he
561 4175 632 4229 shall
644 4178 680 4231 bo
695 4179 829 4234 excluded
842 4180 915 4233 from
928 4181 976 4234 tho
986 4181 1173 4235 Communion
1185 4181 1239 4234 five
1251 4197 1347 4251 years3

244 4261 310 4315 thus
322 4261 445 4332 shewing
457 4260 520 4315 that
531 4260 580 4315 the
591 4263 629 4315 tio
641 4264 675 4317 of
684 4266 853 4336 matrimony
864 4267 993 4321 remeius.
1026 4266 1091 4320 And
1102 4284 1132 4321 as
1142 4283 1182 4320 we
1194 4264 1265 4319 hare
1277 4266 1348 4330 said,

244 4347 274 4400 in
286 4346 334 4401 the
346 4347 518 4419 Apostolical
534 4347 653 4412 Onnons,
665 4347 702 4402 he
717 4350 778 4403 who
793 4351 915 4405 married
930 4360 984 4405 two
999 4353 1102 4416 sistere,
1116 4368 1150 4406 or
1161 4368 1178 4406 a
1190 4352 1278 4414 nieco,
1290 4368 1347 4405 was
