2866 4906
722 187 763 228 XX

170 341 344 410 diversum
376 341 395 408 a
421 348 458 410 te
486 343 736 410 sentientibus:
761 345 785 410 J
789 365 888 409 usrus
915 344 1085 429 simulque
1114 345 1320 424 misericors,

170 479 250 524 eum
272 480 455 543 oppressos
479 457 635 545 populos,
657 458 804 526 afflictos
826 461 1008 546 Principes
1031 467 1093 527 tua
1109 463 1320 528 auctoritate

168 572 314 650 relevas,
340 596 406 641 nec
430 575 582 641 fortunas
607 573 751 641 nimium
776 575 883 642 licere
910 577 1094 662 permittis.
1148 578 1232 656 Qua
1258 583 1321 643 tua

169 687 352 774 singularis
369 690 609 768 beneficentia,
628 695 666 757 et
687 690 724 756 in
745 672 883 757 tantum
904 692 984 758 Deo
1005 691 1134 769 similis,
1153 697 1320 776 quantum

169 803 321 871 humana
348 811 473 871 natura
497 806 638 892 patitur,
660 828 717 873 me
744 805 850 892 cogit,
872 812 912 873 ut
932 806 998 873 hac
1020 829 1160 892 quoque
1182 807 1321 893 publica
1386 805 1389 810 ’

169 919 379 988 allocutione
405 922 537 1007 gratias
562 921 627 987 tibi
657 943 721 1007 pro
748 944 805 988 me
831 921 991 1006 privatim
1017 922 1175 989 habeam.
1227 923 1321 988 Nam

170 1036 463 1120 quemadmodum
486 1036 638 1104 coelestia
664 1037 778 1104 sidera
802 1060 872 1104 non
893 1042 1030 1103 tantum
1047 1038 1183 1123 magnis
1199 1038 1321 1104 mundi

169 1152 325 1238 partibus
348 1173 385 1219 se
409 1152 606 1230 infundunt,
624 1152 688 1220 sed
709 1153 756 1218 ad
778 1152 914 1239 singula
930 1153 1120 1219 animantia
1136 1154 1204 1218 vim
1223 1176 1320 1220 suam

168 1268 349 1354 patiuntur
383 1269 616 1348 descendere;
649 1270 700 1337 ita
734 1271 799 1347 Tu,
831 1269 868 1335 in
901 1271 1004 1337 terris
1036 1271 1321 1357 benignissimum

170 1384 274 1464 sidus,
293 1408 363 1452 non
390 1391 576 1452 contentus
596 1385 733 1471 erigere
755 1385 947 1470 Principes
967 1387 1147 1453 sublevare
1164 1387 1320 1473 populos,

112 1537 118 1547 ·
169 1501 254 1566 mihi
280 1523 417 1588 quoque
440 1501 476 1566 in
501 1501 615 1587 patria
639 1500 728 1567 male
753 1500 874 1566 habito
899 1507 937 1566 et
961 1500 1157 1586 praesidium
1182 1500 1321 1568 voluisti

169 1640 246 1687 esse
270 1623 308 1685 et
331 1618 502 1685 solatium.
555 1616 706 1683 Accedit
728 1617 774 1682 ad
792 1614 1006 1702 implendum
1028 1616 1181 1682 Justitiae
1199 1617 1319 1684 orbem

169 1743 250 1823 post
274 1735 430 1802 actiones
456 1732 611 1819 publicas
633 1731 739 1798 etiam
762 1732 903 1817 private
925 1731 1006 1796 vitae
1030 1737 1098 1797 tuae
1120 1731 1321 1800 innocentia

171 1859 209 1920 et
240 1851 383 1939 puritas,
418 1849 534 1934 digna,
569 1869 674 1932 quam
707 1868 777 1913 non
814 1845 973 1913 homines
1003 1852 1151 1923 tantum,
1186 1849 1249 1914 sed
1283 1855 1321 1915 et

170 1967 320 2038 aetheriae
336 1971 472 2032 mentes
489 1963 713 2029 admirentur.
754 1961 847 2027 Nam
865 1962 1138 2046 quotusquisque
1155 1962 1200 2029 de
1218 1963 1321 2049 plebe

169 2088 296 2167 infima,
314 2083 384 2148 imo
402 2081 448 2148 de
470 2079 553 2166 ipsis
569 2078 647 2160 illis,
667 2078 726 2161 qui
741 2099 764 2143 a
779 2077 900 2143 mundi
917 2079 1093 2145 consortio
1111 2100 1148 2146 se
1165 2080 1321 2148 abscide·

169 2206 262 2277 runt,
279 2200 331 2265 ita
347 2219 385 2264 se
402 2195 446 2262 ab
464 2171 624 2263 omnibus
645 2194 753 2280 culpis
773 2192 962 2261 immunem
983 2202 1133 2280 prestat,
1150 2204 1192 2263 ut
1212 2198 1267 2263 Tu
1284 2198 1320 2264 in

171 2341 213 2386 ea
229 2317 362 2404 positus
388 2314 540 2390 fortuna,
564 2334 642 2396 quae
665 2312 855 2378 innumeris
877 2312 1046 2397 peccandi
1071 2312 1243 2380 illecebris
1260 2336 1322 2379 un-

170 2434 276 2519 dique
301 2429 508 2498 obsidetur?
561 2428 738 2506 Quantum
760 2448 843 2494 vero
866 2427 933 2494 hoc
959 2435 1023 2504 est,
1049 2428 1141 2495 inter
1167 2430 1320 2513 negotia,

168 2551 205 2618 in
222 2548 335 2625 turba,
348 2547 385 2612 in
400 2544 488 2626 aula,
504 2543 596 2608 inter
611 2548 668 2609 tot
684 2549 757 2608 tam
773 2541 910 2608 diversa
925 2544 1145 2628 peccantium
1160 2545 1321 2630 exempla

168 2667 207 2733 id
224 2661 400 2746 consequi,
421 2658 517 2744 quod
538 2657 614 2724 aliis
637 2657 790 2724 solitudo
810 2657 879 2734 vix,
906 2678 996 2742 saepe
1019 2678 1063 2724 ne
1085 2659 1144 2724 vix
1167 2659 1319 2744 quidem,

168 2779 341 2870 praestat?
392 2776 472 2842 Hoe
496 2795 579 2840 vero
601 2778 656 2841 est
679 2795 749 2840 non
773 2774 868 2841 Justi
889 2779 1037 2851 tantum,
1057 2775 1120 2841 sed
1142 2782 1180 2843 et
1201 2777 1320 2845 Sancti

116 2981 120 2989 Ι
169 2918 298 2966 nomen
314 2894 351 2960 in
367 2892 434 2958 hae
450 2891 526 2976 ipsa
542 2891 615 2957 vita
636 2890 773 2968 mereri,
791 2890 886 2974 quod
902 2891 1089 2976 majoribus
1107 2893 1175 2960 tuis
1194 2894 1320 2962 carolo

168 3016 301 3099 Magno
318 3014 357 3077 et
373 3006 553 3073 Ludovico
570 3006 706 3092 piorum
723 3027 910 3073 consensus
927 3012 1008 3092 post
1024 3007 1159 3073 obitum
1175 3009 1320 3078 tribuit:

168 3130 237 3197 hoc
254 3132 309 3194 est
326 3146 402 3193 esse
418 3145 489 3190 non
503 3122 678 3207 gentilitio
696 3121 760 3189 sed
776 3143 838 3188 suo
856 3121 996 3208 proprio
1007 3123 1088 3208 jure
1103 3123 1321 3192 Christianis·

168 3247 303 3313 simum.
351 3239 422 3307 Sed
447 3237 598 3305 Justitiae
624 3259 703 3304 cum
728 3259 808 3323 pars
833 3237 927 3304 nulla
951 3261 973 3304 a
992 3246 1030 3305 te
1050 3239 1163 3307 aliena
1186 3241 1241 3319 sit,
1262 3243 1322 3309 illa

169 3367 298 3435 tamen,
323 3377 398 3441 quae
423 3353 516 3420 circa
534 3352 614 3418 libri
637 3353 738 3438 hujus
763 3354 955 3431 materiam,
977 3354 1014 3420 id
1039 3362 1103 3432 cst,
1121 3357 1215 3423 circa
1239 3359 1322 3426 belli

169 3475 333 3564 pacisque
358 3469 502 3537 consilia
526 3474 693 3545 versatur,
711 3490 755 3534 eo
772 3470 911 3555 proprie
928 3476 990 3537 tua
1009 3479 1072 3549 est,
1091 3494 1160 3556 quo
1177 3475 1255 3539 Rex
1272 3496 1320 3552 es,

169 3598 207 3661 et
235 3587 376 3675 quidem
402 3584 480 3650 Rex
511 3584 733 3650 Francorum.
785 3585 915 3670 Ingens
939 3585 1006 3653 hoc
1033 3608 1179 3671 regnum
1210 3593 1320 3666 tuum,

171 3705 267 3794 quod
282 3724 346 3791 per
369 3705 469 3766 tanta
494 3704 566 3765 tam
589 3698 742 3766 felicium
763 3705 935 3766 terrarum
952 3701 1064 3786 spatia
1081 3701 1116 3766 in
1134 3708 1321 3788 utrumque

169 3843 266 3890 mare
289 3815 482 3905 procurrit;
508 3815 572 3881 sed
596 3815 706 3899 majus
731 3815 799 3881 hoc
821 3837 932 3901 regno
958 3837 1104 3901 regnum
1131 3822 1194 3894 est,
1226 3820 1322 3903 quod

169 3958 281 4024 regna
299 3932 413 3999 aliena
438 3953 508 3997 non
534 3930 759 4015 concupiscis.
811 3931 967 4016 Dignum
992 3931 1060 3997 hoc
1086 3938 1148 3997 tua
1177 3935 1320 4019 pietate,

171 4054 315 4138 dignum
338 4049 406 4114 isto
429 4047 581 4132 fastigio,
605 4068 675 4110 non
698 4048 899 4130 cujusquam
919 4047 977 4130 jus
1002 4046 1107 4112 armis
1133 4054 1320 4128 attentare,

171 4191 242 4236 non
258 4171 395 4233 veteres
417 4164 559 4229 turbare
581 4162 686 4238 fines3
713 4162 776 4228 scd
798 4162 835 4226 in
855 4160 946 4228 bello
962 4161 1057 4247 pacis
1073 4184 1198 4247 gerere
1215 4185 1323 4249 nego·

170 4286 269 4362 tium,
295 4303 361 4349 nec
380 4279 535 4365 incipere
556 4278 622 4344 nisi
643 4278 709 4345 hoc
732 4282 825 4353 voto,
843 4282 883 4343 ut
905 4278 1157 4364 quamprimum
1174 4279 1320 4348 desinas.
