2866 4906
249 180 314 243 382
493 190 545 244 Dlt
567 188 843 254 AOQUISITIONE
864 188 1112 253 DERIVATIVA,
1222 185 1301 255 [Lm.
1315 189 1355 244 11.

249 375 291 418 ex
325 373 425 431 causa,
458 353 573 420 iratres
606 352 712 419 liberis
745 351 845 418 ultimi
875 351 1059 439 possessoris
1090 351 1356 440 praeferebantur.

249 452 338 518 Idem
362 452 395 518 in
419 452 537 519 Arabia
563 452 667 517 Felice
698 460 880 538 usurpatum
907 451 979 516 olim
1005 450 1101 518 fuisse
1127 474 1168 517 ex
1197 452 1357 518 Strabone

86 576 211 626 susus.
248 551 368 639 colligo.
394 611 398 618 .
421 551 473 617 De
489 551 624 617 Taurica
648 551 839 617 Chersoneso
855 550 939 616 idem
955 549 1145 617 recentiores
1160 550 1354 638 prodidere:

85 623 126 668 Μ
248 673 306 716 nec
322 650 367 717 ita
388 650 505 716 dudum
523 660 571 716 est
595 673 664 716 cum
682 651 780 737 lapud
806 650 901 715 Afros
927 649 1048 716 Mnroci
1067 657 1100 716 et
1126 651 1234 716 Fessae
1260 672 1355 738 reges

248 749 331 815 idem
357 758 406 816 est
432 749 614 817 imitatum.
665 751 770 836 Atque
796 749 856 814 hoc
882 749 916 815 in
942 748 1035 815 dubio
1062 749 1294 816 obseruandum
1320 748 1354 815 in

247 848 479 915 fideicommisso
505 850 588 936 quod
609 849 734 916 iamiliee
758 847 954 934 relinquitur,
979 847 1084 914 verior
1109 857 1159 915 est
1185 848 1353 926 sententia,

84 963 207 1048 maii
248 947 398 1014 Romanis
414 970 538 1036 quoque
554 948 675 1037 legibus
697 970 879 1036 congruens,
898 968 1075 1034 quanquam
1091 968 1144 1012 eas
1160 946 1353 1036 interpretes

84 1010 206 1140 ”stiffi
248 1046 308 1112 alio
325 1047 521 1135 detorquent
573 1049 632 1114 His
653 1049 733 1114 bene
759 1046 890 1134 cognitis
915 1046 1005 1112 facile
1024 1045 1086 1111 erit
1100 1047 1295 1133 respondere
1312 1047 1353 1113 ad

83 1147 234 1233 gqssffggq
247 1148 474 1213 controversias
498 1148 539 1213 de
561 1169 728 1236 regnorum
747 1145 829 1233 jure,
847 1168 918 1231 quae
943 1147 984 1211 ob
1009 1144 1188 1212 differentes
1197 1144 1352 1232 juriscon-

107 1240 233 1325 uriiffi',
246 1246 398 1314 suitorum
414 1247 583 1313 sententies
599 1246 782 1312 uffieiliimae
797 1253 957 1333 putentur.

82 1329 101 1368 a
110 1330 168 1375 mit.

322 1347 427 1414 XXV.
478 1346 618 1411 Primum
647 1345 798 1432 queritur
824 1366 866 1410 an
892 1344 971 1409 filius
997 1364 1019 1410 a
1043 1351 1134 1431 petre
1162 1344 1352 1411 exheredari

246 1445 352 1531 possit,
370 1454 406 1511 ut
421 1467 461 1511 ne
482 1445 515 1510 in
540 1467 672 1534 regnum
698 1444 851 1510 succedat.
905 1443 944 1508 In
961 1465 1022 1530 quo
1039 1443 1262 1532 distinguenda
1278 1451 1352 1511 sunt

246 1565 347 1632 regna
373 1543 555 1622 alienabiiia,
580 1545 614 1609 id
642 1553 699 1620 est,
730 1541 967 1630 patrimonialia,
994 1563 1099 1607 anon
1123 1542 1349 1609 alienabilibus

245 1643 328 1707 Nam
343 1642 375 1707 in
391 1643 605 1709 alienabihbus
630 1642 759 1708 dubium
783 1663 845 1707 non
871 1651 928 1718 est,
949 1641 1024 1729 quin
1049 1641 1253 1708 exheredstio
1278 1664 1351 1730 pro·

245 1741 345 1817 cedat,
375 1762 444 1806 cum
474 1762 495 1805 a
522 1740 611 1807 bonis
639 1741 707 1806 aliis
735 1740 814 1806 nihii
843 1740 1008 1807 differant:
1044 1749 1140 1827 atque
1173 1740 1246 1808 ideo
1279 1763 1351 1829 quer

289 1896 466 1957 ‘Apudrifior
474 1897 770 1959 Murociethrcoeregcs]
821 1899 850 1946 dc
865 1897 984 1944 Hcsneter
1004 1897 1097 1958 Quippe
1111 1899 1196 1958 patrie
1215 1903 1351 1946 curm

244 1969 327 2018 Livius
336 1971 365 2017 dc
379 1969 532 2018 Masinissa.-
547 1970 671 2018 Militantes
685 1986 712 2018 ee
722 1986 771 2032 pro
821 1973 856 2019 ad
864 1987 960 2034 regnum
975 1973 1059 2019 ordine
1069 1977 1126 2032 port
1133 1972 1232 2032 frosm
1246 1979 1351 2030 ocean,

248 2043 483 2106 Carthaginiensibus
502 2046 528 2092 iu
552 2046 683 2106 Hispania,
698 2051 771 2105 peter
821 2047 1099 2108 aciucbiiicnrmfiiiic.
1125 2047 1196 2094 idem
1205 2049 1352 2095 succedendi

245 2121 295 2180 qim
314 2121 429 2168 meritur.-
455 2119 554 2181 (Gathar
577 2135 658 2167 nomen
684 2119 770 2180 erati)
820 2136 898 2183 geum
916 2122 1018 2169 voluisse
1039 2126 1064 2168 et
1083 2122 1108 2167 in
1127 2122 1266 2179 ldexieeuo,
1281 2127 1308 2169 et
1325 2123 1351 2169 ia

244 2210 341 2257 mneos
350 2195 493 2256 adfiatreos
502 2196 566 2257 regie
574 2196 692 2256 Dcfcicen
707 2196 771 2255 (moe
820 2197 931 2244 Peruano
943 2210 1019 2257 regno
1035 2211 1066 2244 ex
1079 2196 1185 2243 historiis
1200 2196 1300 2244 illorum
1312 2196 1351 2244 lo·

245 2270 487 2330 itaopudNueeidae
496 2269 662 2331 conprimente
689 2269 771 2330 [idem
820 2285 903 2330 eornm
914 2272 1020 2320 observo.

245 2347 313 2394 locus
332 2352 376 2404 est,
397 2347 440 2407 qui
463 2347 488 2392 in
510 2351 624 2393 contextu
644 2346 769 2403 indicetur,
865 2346 971 2394 ⁸licita
990 2349 1036 2394 crit
1054 2345 1217 2408 nummo]
1245 2347 1288 2396 De
1307 2347 1352 2396 tali

245 2425 300 2474 Lib.
310 2438 388 2472 xxix.
397 2439 417 2471 c.
427 2423 479 2486 29.]
500 2423 540 2470 De
550 2423 695 2471 Mauritania
705 2422 770 2469 omni
819 2435 896 2481 regno
906 2422 1089 2482 intelligendum
1100 2422 1165 2482 quod
1174 2422 1210 2469 att
1219 2422 1314 2469 Baitios
1324 2423 1351 2469 in

245 2501 299 2546 vide
319 2501 452 2546 Marianam
469 2499 530 2545 libro
547 2511 625 2544 xm.
644 2498 706 2557 (cap.
722 2497 770 2556 22.)
819 2497 937 2556 proosmio
954 2496 1109 2543 decretalium
1126 2496 1248 2556 Gregorii,
1263 2510 1280 2542 a
1290 2510 1351 2557 rege

246 2574 310 2620 Hinc
319 2579 398 2620 sumto
409 2574 520 2632 exemplo
535 2572 607 2618 etiam
621 2572 685 2631 apud
701 2571 770 2617 Sara·
820 2585 980 2618 successorem
994 2585 1064 2632 posse
1079 2571 1136 2630 eligi
1151 2585 1164 2616 e
1178 2571 1263 2618 liberie
1277 2585 1350 2633 quem

246 2662 325 2705 cenos,
336 2648 377 2706 qui
393 2663 423 2694 ex
433 2647 517 2694 Africa
531 2646 556 2691 in
575 2646 714 2705 Hispaniam
729 2660 770 2692 re·
820 2646 884 2693 velit
903 2647 1047 2708 Exemplum
1058 2646 1176 2693 estetiam
1187 2646 1351 2694 inbiexicana

246 2728 340 2777 nerant,
356 2722 442 2768 tratres
452 2721 545 2781 prelati
556 2720 610 2766 filiis
620 2721 650 2766 ad
660 2724 770 2780 tempora
820 2721 925 2767 historia.

245 2796 568 2852 Abderamenis31iodericus
574 2794 768 2840 ToletanusHis-
863 2795 877 2822 ’
889 2796 919 2841 In
929 2795 1039 2841 omnibus
1046 2794 1109 2841 Edd.
1117 2809 1170 2855 ques
1178 2795 1350 2844 riroAuctors

245 2870 311 2915 toric
321 2869 492 2916 Arabumc.ti.
523 2869 637 2914 Theanus
644 2868 769 2914 Historia·
820 2871 968 2930 prodierunt,
988 2870 1040 2916 heic
1059 2871 1163 2931 legitur:
1174 2873 1254 2931 primi
1267 2877 1348 2920 natus.

245 2957 298 2988 nrm
308 2944 369 2989 libro
380 2957 440 2990 axv.
451 2944 476 2988 in
489 2957 552 2989 anuo
562 2944 607 2988 clo
618 2943 769 2988 Ionxxvru.
819 2943 853 2988 Bt
864 2942 958 2991 uidetur
968 2943 1003 2989 ito
1012 2943 1115 2991 voluisse
1128 2944 1153 2990 in
1168 2958 1226 2991 casn
1241 2946 1349 2993 meando

562 3069 590 3074 .--
598 3070 628 3075 —
854 3070 1030 3077 ——-————

246 3148 315 3212 ruie,
330 3147 379 3203 the
393 3146 522 3202 brothers
533 3145 567 3200 of
578 3146 628 3201 the
645 3146 700 3200 lust
711 3162 853 3218 possessor
866 3164 940 3202 were
951 3146 1105 3218 preferred.
1142 3149 1181 3202 So
1196 3149 1227 3202 in
1242 3149 1349 3205 Arabia

245 3236 332 3299 Felix,
347 3233 396 3289 the
411 3234 513 3288 'laurio
528 3231 708 3296 Chersoneso,
727 3232 783 3286 and
803 3232 852 3286 tho
869 3233 998 3288 Africons
1018 3233 1051 3286 of
1064 3233 1197 3288 Morocco
1208 3235 1268 3288 and
1281 3236 1347 3290 Fer.

245 3322 309 3376 And
325 3320 381 3375 this
400 3320 462 3374 ruie
476 3321 508 3384 is,
522 3320 552 3372 in
567 3317 697 3373 doubtful
715 3335 800 3382 ceses,
816 3318 946 3374 followed
962 3320 991 3371 in
1005 3319 1140 3390 choosing
1158 3325 1281 3375 bustees
1302 3319 1349 3375 for

244 3407 342 3479 family
363 3412 505 3478 property,
527 3423 558 3459 os
579 3406 602 3459 is
622 3405 671 3458 the
690 3404 812 3458 soundcr
832 3404 956 3474 opinion,
976 3404 1107 3475 agreciug
1128 3405 1187 3458 also
1208 3405 1278 3460 with
1298 3406 1350 3462 the

244 3495 355 3548 Romen
367 3493 440 3557 lawe,
450 3491 556 3562 though
571 3491 620 3545 the
632 3495 847 3545 commentatore
861 3494 943 3545 wrcst
957 3490 1035 3545 them
1047 3489 1165 3545 another
1179 3506 1250 3562 way.

299 3579 390 3632 These
402 3579 476 3632 ruies
487 3577 571 3647 being
583 3576 645 3631 well
656 3578 766 3640 known,
777 3576 800 3629 it
814 3575 870 3628 will
881 3575 917 3630 be
930 3592 995 3647 easy
1008 3582 1037 3629 to
1049 3592 1156 3631 answer
1170 3575 1219 3630 the
1234 3581 1350 3632 contro·

244 3664 347 3716 versies
359 3664 527 3734 concerning
538 3663 586 3717 tho
598 3662 674 3733 right
685 3662 718 3715 of
726 3663 890 3725 succession,
901 3661 991 3716 which
1003 3679 1051 3717 are
1066 3661 1186 3733 thought
1195 3677 1265 3735 very
1276 3663 1351 3718 diffi-

245 3749 303 3801 cuit
315 3749 344 3800 in
357 3764 546 3818 consequence
558 3748 591 3801 of
601 3748 650 3802 the
665 3748 794 3802 different
806 3748 933 3818 opinions
947 3748 981 3801 of
988 3748 1093 3818 juriets.

302 3832 397 3884 XXV.
435 3834 462 3885 It
480 3834 503 3886 is
518 3834 629 3887 medea
643 3835 779 3904 question,
797 3833 922 3887 whether
940 3850 1020 3887 ason
1038 3850 1091 3888 can
1108 3833 1144 3888 be
1158 3833 1351 3890 disinherited

243 3916 282 3987 by
293 3916 337 3970 his
355 3915 449 3970 father
460 3932 491 3970 so
506 3933 536 3970 as
554 3924 583 3970 to
596 3917 632 3972 be
650 3919 803 3989 presented
818 3919 893 3972 from
911 3919 1079 3989 succeeding
1092 3925 1122 3973 to
1137 3918 1187 3974 the
1201 3919 1350 3992 kingdom.

243 4002 321 4057 Here
331 4018 372 4056 we
386 4002 633 4071 mustdistinguish
645 4004 791 4068 alienabis,
804 4004 866 4058 that
876 4005 907 4067 is,
916 4004 1095 4075 patrimouiel
1106 4005 1266 4076 kingdoms,
1275 4007 1352 4061 from

243 4089 324 4143 those
343 4087 433 4142 which
451 4104 500 4140 are
520 4087 697 4143 inalienabie.
744 4090 777 4143 In
800 4090 939 4144 aiicnobie
957 4107 1043 4154 cusos,
1061 4090 1141 4145 thero
1157 4091 1181 4145 is
1204 4108 1244 4146 no
1259 4093 1352 4147 doubt

243 4175 306 4229 that
324 4174 541 4229 disinheritence
563 4173 641 4226 takes
661 4175 697 4228 its
717 4174 808 4239 effect,
827 4177 903 4230 since
924 4175 974 4230 the
988 4176 1122 4246 kingdom
1142 4184 1249 4232 cannot
1268 4178 1353 4234 differ

243 4260 317 4315 from
330 4261 412 4316 other
425 4265 574 4332 property3
589 4258 645 4312 and
660 4258 801 4316 therefore
817 4261 865 4316 tbe
881 4261 955 4316 ruies
970 4261 1060 4316 which
1072 4262 1110 4333 by
1124 4261 1177 4315 law
1192 4278 1226 4317 or
1239 4271 1354 4321 custom

242 4345 340 4402 obtain
355 4364 385 4402 as
400 4354 430 4401 to
447 4345 628 4401 ceiceredeticc
642 4345 698 4398 wiii
719 4345 790 4401 haro
808 4348 888 4420 piace
906 4347 982 4402 here.
1021 4347 1086 4402 lind
1104 4347 1129 4400 if
1143 4347 1227 4406 there
1247 4368 1299 4409 ere
1314 4367 1353 4407 no
