2866 4906
130 248 199 304 (lar.
212 245 262 315 V.]
413 248 524 304 sums
546 248 590 303 IN
610 247 819 313 Panaenus,
839 249 921 304 ΕΤΟ.
1163 240 1226 303 315

129 419 181 479 tus
199 419 342 477 auctores
363 432 432 476 cum
455 434 511 478 sua
533 411 648 488 sobolc,
674 420 730 479 aut
746 412 778 477 in
794 434 828 478 sc
849 412 934 500 ipsis,
953 406 1021 480 ‘ant
1045 413 1140 480 etiam
1165 435 1223 501 per

129 533 277 600 personas
294 510 444 599 sanguine
455 519 511 577 aut
526 511 657 599 nuptiali
672 511 830 600 sanguinis
846 512 1063 578 commixtione
1079 512 1223 599 proximo

131 612 322 677 cohaerentes
338 610 479 676 misceri:
502 611 633 676 alteram
651 632 737 687 vero,
757 632 797 676 ne
810 611 1005 697 quarundam
1021 634 1225 699 personarum

131 711 290 777 convictus
305 709 396 774 nimis
411 709 607 796 quotidianus
622 718 717 796 atque
729 710 944 777 inobservatus
959 710 1075 799 stupris
1091 719 1124 777 et
1139 711 1227 778 adul·

129 809 217 876 tcriis
241 808 430 874 occasionem
457 808 558 885 daret,
585 808 612 874 si
634 830 757 875 amores
778 810 857 876 tales
873 810 989 897 nuptiis
1013 818 1138 898 possent
1154 832 1226 875 con-

132 907 290 997 glutinari.
342 909 427 986 Quas
452 908 530 973 duaa
554 929 662 973 causas
685 907 711 972 si
734 930 803 975 cum
825 909 942 995 judicio
965 917 1076 997 aptare
1096 909 1226 976 velimus

131 1008 193 1074 illis
209 1029 286 1094 quas
307 1007 373 1074 dixi
390 1007 502 1073 divinis
522 1006 556 1071 in
574 1006 713 1073 Levitico
740 1007 870 1096 legibus,
896 1007 987 1074 facilc
1006 1009 1171 1096 apparebit
1193 1008 1227 1074 in

133 1107 284 1185 affinibus,
301 1106 354 1193 qui
370 1105 402 1170 in
418 1115 505 1172 recto
522 1115 596 1172 sunt
620 1105 717 1171 limite
736 1106 787 1188 (ut
803 1106 843 1172 de
865 1107 1046 1194 parentibus
1068 1115 1100 1174 ct
1120 1107 1227 1173 liberis

133 1206 209 1272 nihil
226 1206 293 1292 jam
310 1206 418 1281 dicam,
436 1205 550 1291 quippe
565 1226 651 1290 qnos,
669 1213 705 1270 ut
720 1204 870 1286 existimo,
886 1206 980 1272 etiam
997 1205 1063 1272 sine
1080 1228 1228 1294 expressa

137 1305 209 1393 legc
224 1305 306 1370 ratio
319 1304 469 1370 naturalis
479 1303 571 1392 jungi
586 1303 660 1369 satis
674 1308 777 1391 vetat)
791 1309 807 1351 ⁸
811 1305 884 1371 item
901 1306 935 1370 in
951 1305 1109 1394 sanguinis
1125 1305 1228 1394 gradu

135 1412 385 1470 transversornm
397 1402 507 1488 primo,
521 1401 574 1488 qni
589 1403 629 1467 cb
642 1412 744 1468 ortum
761 1427 782 1469 a
798 1404 896 1492 stirpe
912 1404 1065 1470 communi
1076 1404 1228 1470 secundus

136 1502 195 1568 dici
218 1501 304 1579 solet,
330 1503 371 1568 ob
396 1509 553 1567 recentem
571 1501 736 1567 admodum
753 1513 919 1592 parentum
935 1504 968 1571 in
992 1503 1098 1571 liberis
1119 1503 1228 1592 imagi-

135 1624 216 1679 nem,
235 1602 370 1688 priorem
385 1622 508 1667 causam
525 1600 640 1677 uslere,
661 1610 698 1668 nt
713 1603 888 1671 venientem
906 1605 946 1670 de
963 1627 999 1671 ec
1016 1604 1099 1691 quod
1116 1612 1230 1670 natura

135 1701 242 1766 sinon
262 1700 413 1788 precipit,
439 1708 525 1766 certe
548 1701 706 1780 honestius
727 1703 843 1782 dictat;
869 1704 955 1790 cujus
981 1703 1105 1793 generis
1131 1702 1230 1769 multa

134 1799 298 1866 materiam
314 1799 490 1867 divinarum
506 1800 773 1888 humanarumque
789 1804 894 1892 legum
908 1803 1034 1869 iaciunt.

206 1901 229 1964 4
263 1901 368 1986 Atque
384 1898 455 1965 ideo
472 1898 601 1965 Hebraei
622 1899 655 1964 in
678 1912 765 1967 recto
785 1902 893 1980 limite,
920 1903 1037 1988 gradus
1057 1901 1152 1969 etiam
1168 1924 1231 1968 non

135 1997 310 2064 nominatos
326 2021 346 2064 a
366 1999 438 2087 lege
455 1998 565 2065 volunt
581 2000 811 2086 comprehendi,
833 2003 873 2068 ob
894 2002 1083 2069 notissimam
1102 2002 1232 2069 rationis

136 2097 314 2184 paritatem.
375 2099 512 2163 Istorum
537 2105 642 2163 autem
669 2101 823 2186 graduum
850 2102 917 2166 haec
943 2110 1016 2167 sunt
1040 2101 1124 2190 apud
1149 2102 1233 2189 ipsos

136 2195 279 2262 nomina:
305 2198 411 2263 Mater
427 2196 534 2262 matris
549 2218 635 2262 suae:
662 2207 764 2264 mater
780 2200 878 2287 patris
901 2200 1009 2267 matris
1024 2223 1108 2267 susc:
1132 2209 1234 2266 mater

137 2295 236 2381 patris
257 2296 305 2361 sui
319 2296 339 2363 :⁴
353 2303 455 2362 mater
480 2296 580 2382 patris
607 2297 792 2383 patrissui:
819 2322 898 2364 uxor
922 2299 1021 2387 patris
1046 2299 1232 2387 patrissui:

137 2415 219 2460 uxor
241 2395 340 2482 patris
356 2394 571 2462 matrissuae:
597 2416 695 2460 nurus
719 2397 773 2463 lilii
797 2398 864 2463 sui:
891 2420 989 2465 nurus
1010 2399 1066 2464 filii
1089 2399 1145 2465 filii
1167 2399 1236 2466 sui:

136 2550 181 2611 ies]
197 2553 281 2601 Philo:
297 2553 399 2614 ἅδελφᾰ
415 2554 441 2600 δὲ
456 2555 477 2599 el
492 2553 533 2599 καὶ
550 2554 663 2613 διαίρετα
712 2558 732 2602 si
742 2559 803 2605 bons
813 2560 969 2620 expendetur,
984 2560 1043 2607 nihil
1056 2562 1087 2608 nd
1099 2561 1239 2608 ramincurt

136 2626 172 2673 ‘ra'
181 2628 241 2688 μέρη
254 2629 400 2690 γεγόνασιν,
414 2629 473 2675 ἀλλ’
490 2629 532 2675 οὖν
544 2629 664 2690 ἁρμόζον·
714 2635 911 2694 deprehendetur.
942 2637 1025 2698 J·B.]

136 2723 180 2752 ται
188 2710 223 2765 τῇ
230 2708 306 2766 φύσει
317 2708 358 2754 καὶ
366 2708 502 2768 συγγενείᾳ
510 2709 565 2767 μιᾷ·
580 2709 663 2767 Quan-
759 2717 771 2752 3
784 2710 844 2756 Item
855 2711 880 2755 in
891 2712 1015 2772 conquiris
1028 2711 1107 2774 qradu
1119 2716 1239 2759 transver-

138 2795 208 2840 quam
229 2782 384 2829 mordicitus
398 2788 451 2828 suns
467 2788 557 2842 partes,
566 2784 662 2844 frater-
713 2798 792 2831 corum
805 2785 896 2847 primo]
921 2785 957 2833 Et
977 2787 1025 2834 hnc
1042 2801 1119 2848 nsque
1138 2788 1239 2848 propin-

138 2856 221 2901 m'tatr'c
233 2855 277 2913 joc
300 2857 407 2914 retinent,
426 2871 456 2903 ac
471 2848 618 2918 capitatione,
638 2864 665 2905 ut
714 2860 767 2920 quie
790 2860 880 2920 nuptiis
899 2861 1052 2907 abstinebant
1074 2868 1100 2908 ct
1122 2862 1237 2920 Pcrnani,

138 2931 499 2994 marmannorum.
522 2931 613 2993 [Locus
627 2937 664 2979 est
713 2945 738 2988 a
751 2938 877 2986 uertant
893 2937 966 2999 [mus
979 2937 1068 2984 somn.
1083 2937 1148 2985 netu
1161 2936 1237 2984 rcus.

138 3005 179 3052 Dc
194 3005 275 3067 depth.
283 3007 381 3066 special.
394 3021 452 3068 pag.
459 3007 505 3055 780
517 3019 542 3054 a.
558 3007 605 3054 Sed
614 3008 664 3068 qni,
714 3031 767 3065 rar,
784 3017 844 3077 cap,
860 3016 898 3063 17,
911 3014 962 3061 init.
992 3013 1020 3060 J.
1030 3013 1076 3075 B.]

139 3235 256 3290 persons
270 3218 372 3274 should
385 3221 448 3290 giro
463 3219 592 3274 occasion
606 3225 636 3273 to
651 3216 746 3274 sexual
760 3217 856 3278 coion,
875 3213 902 3266 if
918 3211 988 3268 such
1003 3214 1090 3267 nnion
1104 3212 1188 3269 could
1201 3212 1239 3268 he

141 3304 294 3357 confirmed
313 3305 352 3374 by
366 3305 512 3372 marriage.
550 3302 651 3356 Which
663 3310 718 3357 two
733 3315 828 3354 canses
840 3299 866 3351 if
876 3315 917 3352 wc
928 3297 1097 3368 judiciouely
1108 3298 1194 3369 apply
1207 3303 1238 3351 to

142 3387 191 3441 the
206 3388 271 3440 lawa
282 3388 364 3456 giren
376 3388 406 3439 in
417 3387 565 3450 Louiticus,
578 3388 601 3441 it
611 3387 667 3440 will
681 3385 768 3455 easily
778 3398 884 3453 appear
894 3381 957 3436 that
970 3381 1000 3433 in
1015 3380 1064 3434 the
1075 3381 1137 3435 first
1148 3390 1239 3436 trans·

142 3487 220 3526 verso
236 3470 337 3541 degree
351 3471 385 3525 of
395 3471 489 3535 blood,
501 3470 642 3537 (brothers
661 3470 716 3524 and
731 3462 848 3531 nistera)
865 3481 902 3520 on
922 3470 1042 3520 account
1058 3464 1092 3519 of
1108 3464 1158 3519 the
1172 3482 1241 3537 very

143 3562 240 3612 recent
253 3557 345 3627 image
359 3557 393 3612 of
409 3557 458 3612 the
474 3562 587 3628 parents
602 3558 631 3611 in
645 3556 695 3610 the
709 3553 844 3616 children,
858 3551 907 3606 the
923 3551 985 3605 tirst
998 3567 1081 3605 canae
1099 3549 1189 3616 holds,
1208 3568 1240 3606 as

142 3642 313 3714 proceeding
324 3642 398 3696 from
409 3642 472 3697 that
483 3642 582 3706 which,
597 3643 622 3696 if
633 3646 733 3696 nature
745 3639 812 3694 does
827 3643 878 3692 not
891 3637 1047 3702 command,
1061 3643 1092 3692 at
1104 3637 1177 3692 least
1190 3637 1240 3692 she

143 3729 237 3801 points
251 3734 302 3782 out
316 3745 347 3782 as
361 3744 440 3783 moro
454 3729 615 3800 becoming:
635 3745 666 3782 as
682 3727 763 3781 there
784 3741 832 3780 arc
849 3740 934 3796 many
948 3722 1017 3778 anch
1034 3723 1136 3796 things,
1150 3723 1240 3778 which

143 3816 226 3870 make
238 3813 286 3869 the
301 3819 405 3869 matter
419 3814 452 3869 of
460 3814 553 3869 divina
567 3815 623 3869 and
638 3814 743 3868 human
757 3813 830 3866 lans.

196 3908 213 3956 4
236 3901 334 3956 Hence
347 3901 397 3955 the
415 3901 549 3956 Hebrcws
563 3918 613 3973 say
626 3900 690 3955 that
704 3901 733 3953 in
747 3898 796 3954 the
807 3897 898 3952 direct
910 3897 968 3951 line
987 3895 1037 3952 the
1055 3896 1171 3969 degress
1190 3901 1242 3952 not

143 3988 246 4043 named
267 3989 296 4041 in
315 3987 364 4042 the
385 3987 438 4042 law
459 4004 508 4043 aro
526 3985 761 4059 comprohendcd,
780 3984 856 4038 from
878 3982 928 4038 the
946 3983 1079 4039 manifest
1099 3984 1193 4055 parity
1211 3980 1244 4037 of

143 4091 252 4129 reason.
290 4073 382 4129 These
396 4075 512 4145 degrecs
527 4074 594 4145 they
603 4073 668 4128 thus
682 4071 801 4127 rcckon:
817 4068 1091 4133 mothersmoche13
1108 4068 1242 4123 motherc

144 4159 259 4214 fathers
272 4160 399 4224 mothcr3
421 4159 536 4215 fathers
555 4160 683 4223 mother;
708 4156 824 4212 fathers
841 4154 958 4210 isthor's
977 4154 1104 4218 mother3
1125 4148 1242 4208 fathor’s

145 4244 259 4300 fathcr's
272 4246 350 4311 wifc;
381 4246 514 4301 mothcr's
536 4245 652 4300 fathers
669 4244 750 4308 wifc;
779 4240 853 4298 son’s
875 4240 1139 4312 daughter-iudam
1169 4239 1243 4293 son’s

145 4330 218 4383 son’s
238 4331 499 4402 daughter-ialam
521 4330 681 4402 daughters
703 4327 968 4401 daughter-indam
989 4319 1064 4379 son’s
1082 4324 1244 4396 daughters

145 4414 300 4486 daughter3
332 4417 405 4473 son's
430 4418 504 4474 scn's
532 4417 684 4492 daughter3
712 4413 874 4489 daughters
899 4410 1060 4482 daughter's
1086 4410 1244 4482 daughters
