2866 4906
230 180 294 248 176
540 190 593 246 DE
615 190 739 246 BELLO
762 190 1019 248 SUBDITORUM
1218 189 1291 260 [Lm.
1306 192 1331 247 1.

64 381 192 422 ramore
229 355 380 422 Arianrmr
397 362 431 422 et
449 353 596 421 Ecclesiae
612 376 751 445 gravem,
769 355 816 422 uti
832 354 939 424 noluit.
983 354 1035 421 Sic
1051 354 1211 422 ,Iulianum
1228 354 1331 422 defec-

63 428 208 512 iii‘m'
229 464 330 521 torem
350 476 420 520 cum
440 454 574 543 pessima
594 453 721 520 consilis
740 454 886 543 agitaret,
911 454 1059 542 lacrymis
1082 454 1330 521 Christianorum

63 577 179 663 m
229 575 415 641 repressum,
442 553 489 620 ait
518 551 742 631 Nazianzenus,
772 554 900 630 addens,
928 556 1033 622 τοῦτο
1057 549 1152 625 advoc
1179 550 1330 649 ἐχόντων

178 651 185 672 ‚

64 669 148 718 nme·
229 649 318 721 rard
333 646 472 722 διώκτου
494 648 678 748 φάρμακον,
699 655 781 739 quia
795 655 900 720 solum
915 655 975 720 doc
995 667 1110 720 contro
1125 668 1330 741 persequuto-

227 776 296 818 rcm
320 765 393 819 erat
417 755 602 819 remedium.
652 751 751 837 Atqui
775 752 930 819 exercitus
950 752 1017 839 ejus
1041 753 1140 819 ferme
1163 754 1264 820 omnis
1287 776 1329 820 cx

62 870 187 922 sacr-so
229 851 414 918 Christianis
430 852 599 918 constabat
649 850 742 916 Adde
758 851 850 937 quod,
877 859 913 917 ut
929 853 1076 919 observat
1092 852 1175 919 idem
1193 852 1328 919 Nazian-

227 973 330 1029 zenus,
356 949 477 1018 saeritis
496 950 551 1017 illa
566 949 685 1016 Juliani
705 971 768 1015 non
785 959 906 1017 tuntum
922 950 955 1016 in
977 951 1170 1018 Christianos
1187 962 1257 1019 erat
1278 952 1326 1018 in·

222 1049 317 1137 juria,
343 1050 399 1117 sed
422 1059 455 1116 et
479 1049 699 1137 rempublicam
719 1048 753 1114 in
773 1071 925 1116 summum
950 1051 1126 1117 adduxerat
1145 1050 1327 1139 periculum.

226 1151 366 1217 Accedat
390 1150 439 1215 his
464 1148 542 1215 illud
571 1147 747 1237 Augustini,
775 1149 829 1215 ubi
856 1149 910 1215 illa
937 1150 1078 1236 Apostoli
1102 1150 1144 1216 ad
1168 1151 1328 1217 Romanos

59 1259 213 1358 &affin
227 1249 312 1316 dicta
327 1248 480 1336 explicat:
504 1251 641 1318 Necesse
662 1259 709 1314 est
724 1261 859 1335 propter
881 1251 967 1314 dunc
982 1252 1085 1316 citam
1105 1273 1163 1316 reos
1182 1253 1327 1317 sabditos

226 1373 292 1417 esse
315 1362 468 1436 oportere,
490 1372 555 1414 non
579 1349 760 1414 resistentes
782 1349 814 1413 ci
835 1349 915 1435 quid
933 1350 989 1413 illi
1008 1350 1170 1436 (rectores)
1194 1352 1329 1436 auferre

226 1452 395 1516 voluerint.

297 1549 355 1616 VI.
391 1551 409 1613 l
441 1546 565 1614 Inventi
581 1554 654 1614 sunt
669 1556 777 1614 nostro
792 1548 905 1614 saeculo
922 1547 983 1614 riri
999 1546 1115 1615 eruditi
1126 1547 1253 1635 quidem
1269 1547 1325 1627 illi,

226 1648 283 1714 sed
304 1645 496 1734 temporibus
520 1655 554 1712 et
576 1646 650 1712 locis
674 1646 801 1713 nimium
828 1647 1009 1726 servientes,
1036 1647 1090 1733 qui
1109 1646 1167 1713 sibi
1192 1647 1328 1736 primum

226 1747 284 1832 (its
308 1746 390 1812 enim
407 1745 514 1830 credo)
536 1745 648 1811 deinde
671 1745 740 1812 aliis
762 1747 996 1832 persuaderent,
1015 1768 1053 1813 ea
1068 1767 1139 1832 quae
1157 1745 1224 1833 jam
1242 1745 1327 1813 dicta

225 1855 308 1924 sunt,
333 1846 434 1911 locum
456 1844 575 1910 habere
597 1844 629 1909 in
652 1844 792 1932 privatis,
813 1849 898 1912 ¹‘nou
922 1846 1016 1912 etism
1040 1846 1073 1911 iu
1093 1845 1327 1934 magistratibus

225 1945 433 2024 inferioribus,
463 1943 576 2030 quibus
595 1943 649 2031 jus
675 1966 743 2010 csse
767 1954 879 2032 putent
906 1944 1071 2012 resistendi
1099 1943 1219 2031 injuriis
1248 1943 1325 2032 ejus,

226 2044 313 2132 cujus
328 2065 480 2110 summum
494 2052 543 2109 est
555 2042 716 2130 imperium
728 2066 738 2121 3
755 2042 817 2110 imo
829 2053 863 2111 et
878 2066 1007 2132 peccare
1020 2065 1084 2122 eos,
1098 2042 1132 2109 ni
1143 2043 1176 2110 id
1193 2044 1323 2111 iaciant:

225 2164 296 2231 quae
322 2142 425 2231 opinio
453 2141 647 2209 admittenda
674 2163 738 2207 non
768 2151 825 2210 est
877 2145 959 2210 Nam
990 2143 1069 2210 sicut
1094 2142 1127 2208 in
1157 2143 1326 2209 dialecticis

225 2243 362 2331 ⁰species
377 2241 571 2318 intermedia,
592 2241 619 2307 si
634 2262 733 2329 genus
748 2241 904 2330 respicias,
927 2250 977 2309 est
991 2242 1127 2331 species3
1151 2241 1177 2307 si
1191 2243 1325 2330 speciem

224 2341 308 2408 inira
327 2341 470 2430 positam,
488 2362 606 2429 genus:
632 2340 678 2405 ita
698 2340 899 2429 magistratus
918 2341 974 2419 illi,
995 2341 1178 2408 inferiorum
1200 2341 1326 2429 quidem

224 2440 346 2508 ratione
367 2441 487 2518 hsbita,
510 2447 583 2506 sunt
604 2438 735 2527 publicoe
757 2460 917 2525 personae3
934 2448 969 2506 at
988 2439 1164 2528 superiores
1183 2441 1210 2506 si
1227 2441 1326 2507 consi·

107 2541 111 2549 '
225 2541 385 2617 docentur,
403 2538 517 2625 privati
534 2546 615 2603 suut.
666 2538 749 2602 Nam
765 2537 864 2603 omnis
881 2539 1012 2605 facultas
1031 2539 1236 2627 gubernandi,
1253 2561 1325 2626 quae

225 2649 274 2705 cst
298 2639 331 2703 in
345 2636 588 2726 magistratibus,
614 2657 742 2702 summae
758 2637 905 2722 potestati
930 2637 975 2702 ita
989 2637 1161 2724 subjicitur,
1187 2649 1224 2704 ut
1239 2638 1325 2725 quic·

226 2736 301 2824 quid
318 2745 428 2803 contra
444 2735 635 2801 voluntatem
652 2735 762 2800 summi
778 2734 959 2822 imperantis
973 2736 1097 2813 faciant,
1114 2736 1148 2802 id
1169 2737 1325 2804 defectum

225 2838 322 2903 sites
342 2835 501 2916 facultate,
519 2855 556 2899 ac
572 2832 703 2921 proinde
720 2855 777 2920 pro
793 2846 866 2901 actu
882 2835 1004 2921 privato
1026 2835 1211 2901 habendum.
1263 2837 1324 2900 Lo

61 2962 204 3002 smnus·
227 2934 392 3001 cumcuim
414 2934 465 2999 hic
481 2954 603 3020 quoque
619 2932 723 3010 habet,
741 2932 825 3020 quod
841 2933 947 2999 dicunt
969 2933 1160 3020 Philosophi,
1181 2934 1324 3000 ordinem

60 3009 204 3057 Μ’·
226 3056 289 3101 non
304 3032 385 3112 eas,
402 3032 461 3098 nsi
478 3055 547 3097 sum
561 3031 711 3098 reasons
727 3032 769 3097 au
784 3032 902 3118 aliquid
919 3031 1061 3119 primum.

271 3218 282 3245 ²
297 3209 354 3257 Non
368 3211 439 3257 edum
456 3209 482 3256 c'rr
495 3207 674 3268 naphtalim
689 3207 750 3266 inse-
799 3205 960 3267 politicorum,
970 3205 1054 3252 etalii.

224 3287 341 3350 rioribus]
364 3289 452 3335 Petrus
472 3287 566 3346 Mar-tyr
584 3284 619 3331 ad
637 3284 751 3332 Jadtcum
843 3289 856 3314 ⁰
870 3280 965 3340 speeies
984 3279 1132 3339 intermedio]
1166 3279 1250 3327 Genus
1269 3294 1324 3341 spe-

225 3378 267 3414 111.
292 3365 389 3411 Perseus
403 3363 434 3409 nd
448 3375 510 3410 1111.
525 3365 599 3422 ceput
613 3360 644 3406 ad
660 3360 750 3405 Romu·
799 3356 1159 3417 cislsSenecseepistolsnrm.

225 3453 280 3494 nos,
293 3437 384 3485 dnnius
401 3438 500 3494 Brutus,
516 3435 623 3482 Dsnscus
637 3433 699 3480 libro
714 3446 750 3480 vs.
843 3441 857 3476 t>
874 3431 940 3478 Ordo
960 3436 982 3478 et
1003 3431 1208 3494 ὑπαλληλισμὸς]
1235 3432 1275 3480 Sic
1297 3434 1323 3481 iu

222 3678 369 3750 repressed
382 3679 449 3750 only
460 3679 498 3751 by
508 3679 558 3735 the
569 3685 644 3735 tears
659 3676 722 3751 [not
736 3679 785 3734 the
794 3674 880 3748 srms]
895 3680 928 3735 of
936 3678 986 3734 the
999 3679 1164 3734 Christians.
1198 3676 1263 3732 And
1273 3685 1323 3750 yet

222 3763 267 3818 his
288 3780 368 3835 army
385 3765 524 3820 consisted
545 3765 647 3821 slmost
668 3765 788 3838 entirely
801 3764 835 3820 of
851 3765 1013 3820 Christiane.
1048 3764 1113 3819 Add
1131 3769 1163 3818 to
1181 3763 1238 3818 this
1259 3763 1323 3818 that

222 3847 341 3905 Julian's
358 3850 467 3922 cruelty
480 3867 536 3904 was
551 3857 601 3907 not
617 3850 684 3923 only
699 3869 717 3905 s
730 3867 826 3922 wrong
839 3857 870 3905 to
885 3850 934 3906 the
949 3850 1113 3915 Christiane,
1133 3850 1186 3904 but
1199 3849 1323 3921 brought

222 3935 273 3990 the
288 3936 368 3989 State
385 3935 445 3989 into
460 3942 540 4010 great
553 3936 670 4008 danger.
707 3937 746 3992 So
758 3936 922 4007 Augustino.

279 4020 332 4074 VI.
371 4026 384 4073 1
417 4020 503 4075 Some
517 4020 632 4076 learned
645 4038 712 4077 men
726 4022 760 4077 ot
771 4039 824 4078 our
837 4023 915 4085 time,
928 4020 1052 4091 yielding
1066 4026 1115 4076 too
1129 4020 1214 4076 much
1227 4027 1258 4075 to
1272 4019 1322 4075 the

222 4106 374 4161 influences
389 4105 423 4159 ot'
433 4105 502 4160 time
516 4106 572 4160 and
581 4107 670 4177 place,
681 4107 753 4162 hare
767 4106 923 4179 persuaded
935 4106 996 4160 first
1010 4105 1177 4161 themselves
1192 4104 1250 4171 (for
1260 4122 1292 4160 so
1307 4106 1323 4160 1

221 4190 344 4258 believe)
358 4190 415 4245 sud
429 4189 499 4245 then
513 4190 618 4254 others,
632 4191 695 4247 that
709 4192 773 4257 this,
787 4191 895 4263 though
910 4197 974 4246 true
989 4191 1022 4245 of
1033 4192 1141 4262 private
1155 4208 1280 4263 persons,
1298 4192 1322 4246 is

222 4283 274 4334 not
287 4282 351 4332 trus
366 4276 399 4331 of
410 4275 528 4331 interior
541 4276 734 4346 magistrates3
752 4277 815 4333 thst
827 4277 896 4349 they
910 4277 981 4331 hare
998 4294 1016 4330 s
1030 4276 1105 4347 right
1117 4276 1150 4330 of
1162 4278 1323 4344 resistauce,

222 4363 279 4419 sud
293 4361 382 4435 ought
396 4367 426 4418 to
440 4377 491 4418 use
504 4361 543 4426 it3
557 4360 647 4416 which
661 4362 776 4430 opinion
787 4365 812 4419 is
825 4369 877 4419 not
891 4369 922 4419 to
935 4362 972 4418 bc
985 4361 1131 4419 admitted.
1169 4363 1227 4418 For
1241 4362 1323 4420 those
