2866 4906
125 228 195 287 One.
205 226 258 299 11.]
404 230 665 286 cOMMUNITuu
687 230 934 286 GOMPETUNT.
1160 220 1224 286 249

123 393 196 489 'peip
214 390 249 462 ἐν
265 397 335 466 τοῖς
355 388 527 467 τοσούτοις
542 393 594 463 rol
615 408 686 467 τοῖς
709 387 863 466 αὐθάδεσι
883 391 985 465 uuordo
1004 394 1224 489 ἀφορισθῆναι

125 493 247 586 μέτρον
263 493 307 560 τὸ
323 496 374 581 τῷ
390 490 524 582 ἐμπόρῳ
537 491 722 566 λυσιτελές·
752 498 893 580 Dt'ffiot'le
910 499 996 561 enim
1011 511 1067 574 eet,
1085 509 1123 562 ιιι
1139 501 1225 563 inter

123 596 254 660 calidos
269 605 300 658 et
307 596 436 678 seroces
450 594 624 676 definiatur
639 596 753 659 modus
769 597 944 660 mercatori
960 617 1024 661 ιιοιι
1038 598 1161 681 praem.

202 693 274 758 XV.
318 694 337 757 1
372 691 492 756 Morari
525 713 648 777 qnoque
672 691 895 779 aliquantisper
924 695 1225 780 praetervehentibue

125 800 182 859 aut
193 790 464 879 pretereuntibus,
483 790 678 869 valetudinis,
695 799 750 857 ant
766 791 828 856 sliu
843 813 906 878 qua
912 792 1000 878 justa
1015 794 1054 859 de
1071 814 1172 870 causa,
1190 794 1225 859 li-

126 913 199 956 cere
220 890 332 956 debet:
358 911 431 954 nam
453 899 501 956 est
518 899 550 954 et
566 890 625 954 hoe
646 889 728 955 inter
745 889 895 956 utilitates
914 891 1062 958 innoxias
1096 888 1225 980 tItaque
1238 913 1329 953 vtae

129 990 264 1057 Ilioneus
278 989 363 1076 apud
375 988 553 1077 Virgilium,
569 1011 638 1055 cum
656 988 784 1074 Trojani
795 989 828 1054 in
841 998 928 1055 terra
938 990 1047 1057 Airita
1058 993 1225 1059 consistere
1238 960 1388 1044 {nisi-Q

128 1098 319 1164 vetarentur,
346 1089 431 1153 Deos
446 1087 567 1175 judiees
588 1088 684 1153 audet
708 1088 873 1155 invocare:
901 1097 934 1155 et
957 1090 1091 1175 probata
1107 1091 1227 1159 Gratis
1238 1051 1363 1145 ἐπὶ

128 1188 255 1274 querela
277 1186 506 1276 Megarensium
528 1185 678 1252 adversus
695 1186 909 1264 Athenienses,
927 1188 980 1273 qui
997 1211 1051 1254 eos
1075 1191 1227 1276 portubus

127 1287 191 1352 suis
207 1286 366 1362 arcebant,
385 1281 476 1377 παρό
493 1283 539 1352 τὰ
555 1282 643 1353 κοινὰ
660 1278 772 1361 δίκαια,
788 1300 903 1353 contro
917 1288 977 1370 jue
993 1310 1164 1364 commuue,
1191 1298 1228 1355 nt

128 1385 314 1450 Plutarchus
335 1384 491 1470 loquitur:
525 1383 571 1449 ita
594 1394 631 1452 ut
653 1384 895 1451 Lecedaemoniis
923 1386 1011 1451 nulla
1034 1386 1107 1452 belli
1134 1409 1228 1454 causa
1241 1401 1355 1485 mec

124 1483 238 1571 justior
254 1483 458 1550 viseiuerit³.
1239 1491 1376 1576 Q&

203 1585 225 1647 2
260 1582 321 1648 Cui
335 1591 368 1648 et
383 1583 443 1648 hoe
464 1603 653 1668 consequens
666 1590 724 1660 est,
741 1592 778 1651 nt
798 1583 959 1673 tugurium
978 1592 1227 1652 momentaneum
1240 1584 1292 1628 ²⁶⁷·

128 1702 245 1768 ponere
260 1680 361 1761 liceat,
378 1691 455 1768 puta
465 1681 497 1746 in
513 1681 627 1758 littore,
646 1681 766 1763 etiamsi
780 1683 867 1749 littus
882 1706 903 1749 a
915 1682 1029 1771 populo
1046 1693 1228 1771 occupatum

129 1781 350 1847 concedemus:
373 1802 446 1845 nam
469 1781 552 1867 quod
575 1780 736 1846 decretum
755 1781 899 1868 praetoris
918 1781 1129 1848 adhibendum
1149 1782 1229 1849 dixit

129 1880 326 1966 Pomponius,
341 1880 423 1945 utin
440 1880 545 1946 littore
558 1879 680 1966 publico
697 1881 748 1946 vel
764 1881 842 1946 mari
859 1891 1021 1947 exstruere
1033 1882 1109 1968 quid
1125 1881 1228 1960 liceat,

129 1978 172 2045 ad
187 1978 402 2065 permanentia
417 1978 548 2045 aedificie
564 1979 718 2065 pertinet:
741 2000 802 2065 quo
817 1989 852 2045 et
866 1980 945 2046 illud
960 1987 1082 2068 poetes:
1243 1987 1316 2073 {¹3⁸¹-
1325 1997 1340 2027 ι
1353 1986 1391 2027 ⁰⁶·

387 2099 539 2153 Contracta
553 2099 642 2168 pisces
656 2115 769 2169 aequora
782 2099 907 2154 sentiunt

332 2185 335 2191 ’
388 2185 478 2239 Jaotis
491 2185 522 2238 in
536 2185 626 2239 altum
639 2184 769 2240 molibus.

200 2291 291 2358 XVI.
332 2290 397 2356 Sed
413 2300 446 2356 et
460 2299 612 2377 perpetua
631 2288 782 2355 habitatio
803 2287 861 2366 his,
880 2289 933 2375 qui
950 2290 1075 2357 sedibus
1097 2290 1160 2357 suis
1176 2313 1231 2358 ex·

130 2389 209 2477 pulsi
225 2397 385 2476 receptum
405 2397 560 2475 quaerunt,
576 2387 782 2477 ‘deneganda
797 2409 860 2453 non
876 2398 925 2456 est
941 2390 1087 2467 externis,
1106 2391 1180 2456 dum
1197 2399 1230 2457 et

131 2581 280 2628 victimarum
304 2580 388 2627 nidore
408 2578 513 2639 vectigal
541 2578 657 2639 pendere.
704 2578 840 2624 libertatem
851 2579 1055 2638 commerciorum,
1067 2593 1115 2625 non
1125 2593 1183 2627 vero
1193 2580 1231 2626 ie·

132 2656 211 2713 (Vere.
224 2657 275 2712 190,
289 2660 312 2701 et
320 2654 394 2714 ΜΨ)
705 2654 820 2700 cultatem
826 2658 920 2700 tantum
931 2654 1102 2714 aliquantisper
1115 2656 1231 2712 morandi,

177 2730 284 2788 ‘ltaque
300 2725 416 2787 Ilioneus]
437 2727 532 2774 Servius
553 2728 656 2773 adeum
706 2727 736 2773 de
746 2742 794 2787 qus
803 2728 885 2788 egitur
895 2729 955 2785 heio,
966 2726 1146 2788 Meooremidus
1156 2726 1232 2775 Aue-

133 2802 227 2850 locnm:
249 2802 392 2862 Occupontie
407 2801 468 2848 enim
485 2807 519 2848 est
538 2803 656 2861 portario
705 2803 802 2861 rimer,
827 2803 987 2864 denegabant.
1022 2803 1116 2863 Inspice
1137 2805 1230 2850 Aucto·

134 2876 238 2923 littoris:
254 2877 314 2924 mdc
326 2877 477 2924 οιιειιιιιιιιιιιτ
489 2877 600 2934 ordeles,
616 2879 657 2938 qui
706 2893 760 2925 rum
775 2880 830 2925 loca
845 2879 871 2924 in
887 2879 996 2939 margine
1009 2893 1024 2925 ι
1038 2892 1077 2925 me
1097 2879 1232 2925 distinctius

133 2953 225 2999 ttiumo
233 2951 390 2998 communitus
397 2950 548 3011 prohibeant,
556 2953 658 2999 Laome·
706 2955 839 3014 designata.
868 2955 896 3003 J.
906 2954 938 3001 B.

133 3028 180 3073 don
190 3028 221 3073 ab
227 3027 331 3073 Hercule
342 3027 432 3072 occisus
438 3026 502 3086 quod
513 3041 567 3073 enm
578 3028 658 3087 Trojse
751 3029 762 3057 ⁴
777 3029 839 3076 Vide
854 3030 1021 3077 Posennonr.
1037 3031 1077 3077 De
1090 3030 1156 3078 Jure
1171 3030 1232 3077 Ναι.

133 3107 204 3161 portu
214 3101 324 3161 pelleret,
340 3101 422 3147 Servio
435 3101 524 3146 ibidem
536 3108 657 3148 narrante.
707 3107 729 3147 ιιι
743 3100 811 3150 Gent.
826 3102 880 3148 Lib.
892 3116 931 3149 ιιι.
947 3117 1001 3163 esp.
1010 3107 1033 3151 3.
1049 3104 1064 3164 ξ
1076 3107 1114 3162 10,
1131 3110 1154 3151 et
1167 3119 1231 3164 seqq.

134 3176 209 3236 [Nom
223 3175 264 3222 sed
274 3176 306 3221 ud
315 3189 376 3222 vere.
387 3173 450 3234 619.]
707 3176 749 3222 nbi
765 3176 816 3222 hese
832 3178 942 3236 quaestio,
955 3182 981 3223 et
996 3184 1124 3237 sequentes
1133 3192 1231 3225 accum-

176 3248 318 3296 ”Hooeret
334 3248 534 3296 mautrauers.
562 3248 658 3296 Deinde
706 3251 755 3297 tius
765 3250 941 3310 expenduntur.
971 3250 1041 3297 J.B.

189 3504 254 3559 XV.
301 3511 316 3557 1
346 3504 374 3558 It
388 3504 477 3575 ought
490 3504 549 3558 slso
568 3504 604 3558 bs
616 3498 768 3574 permitted
783 3505 813 3553 ιο
828 3496 909 3552 those
923 3496 985 3550 that
1005 3497 1093 3552 traval
1108 3495 1232 3568 through

134 3588 184 3643 the
198 3589 274 3653 land,
290 3594 322 3644 to
342 3595 419 3660 tarry
434 3589 513 3645 there
529 3589 576 3643 for
594 3605 613 3642 a
634 3587 713 3643 short
728 3586 796 3639 time
815 3583 861 3638 ior
881 3583 930 3638 the
945 3581 1012 3637 sake
1031 3582 1064 3636 of
1081 3582 1179 3637 health
1200 3600 1233 3636 or

134 3674 216 3729 other
234 3677 295 3745 just
317 3692 415 3739 eause;
436 3676 482 3730 for
502 3675 557 3729 this
579 3674 639 3728 also
662 3673 718 3726 isa
738 3670 872 3725 harmless
893 3684 952 3723 use.
999 3669 1037 3722 So
1061 3668 1184 3724 Ilioneus
1202 3669 1232 3722 in

133 3760 239 3831 virgin
256 3760 313 3814 and
328 3760 408 3815 when
423 3760 473 3814 the
492 3760 657 3829 Megareans
672 3755 849 3828 complainod
863 3753 927 3809 that
946 3752 996 3809 the
1010 3752 1166 3808 Atheniens
1187 3770 1234 3808 ex·

132 3846 234 3901 eluded
251 3845 331 3901 them
344 3846 419 3900 from
438 3844 513 3899 their
528 3850 607 3916 ports
627 3852 756 3912 contrary
776 3852 802 3895 to
817 3843 858 3895 tte
876 3841 973 3894 emon
992 3840 1064 3894 rales
1084 3842 1118 3912 of
1131 3840 1235 3911 justice,

132 3930 207 3985 their
220 3932 374 4003 complaint
385 3946 441 3984 was
454 3929 596 4000 approved
611 3929 648 3998 hy
663 3929 712 3983 the
725 3927 842 3981 Greeks.

187 4023 204 4071 2
233 4018 262 4072 It
280 4017 303 4072 is
315 4020 488 4086 consequent
500 4030 576 4084 upon
593 4012 657 4076 this,
671 4011 735 4066 that
749 4011 798 4065 the
813 4010 1025 4066 transit-mukar
1039 4027 1104 4083 may
1119 4016 1196 4065 erect
1216 4025 1235 4062 a

133 4109 308 4174 momentary
315 4102 376 4168 hut,
387 4118 424 4155 οιι
433 4100 483 4155 the
492 4099 575 4155 shore
586 4098 631 4152 for
642 4099 777 4161 instance,
784 4096 894 4166 though
902 4096 951 4151 the
958 4094 1041 4151 shore
1049 4095 1086 4149 bs
1098 4095 1234 4165 occupied

134 4187 256 4259 already.
301 4189 358 4242 For
372 4187 421 4242 the
435 4187 497 4241 rulo
514 4184 577 4240 that
591 4184 614 4236 it
629 4183 753 4253 requires
771 4181 820 4236 the
834 4182 918 4236 order
932 4182 966 4235 of
976 4199 994 4235 a
1004 4180 1092 4250 judge
1106 4186 1137 4232 to
1154 4178 1234 4232 build

135 4287 173 4325 on
188 4272 235 4327 the
249 4271 332 4329 shore
344 4290 377 4328 or
391 4274 421 4326 in
433 4271 482 4326 the
496 4287 554 4334 sea,
567 4269 655 4323 refers
667 4273 696 4321 to
711 4274 878 4338 permanent
889 4273 1050 4321 structuras.

189 4357 270 4413 XVI.
314 4358 445 4422 Further,
468 4375 486 4412 a
508 4355 588 4428 placo
610 4353 644 4408 of
663 4352 869 4407 settlementis
892 4356 944 4405 not
965 4356 996 4405 to
1018 4350 1054 4404 be
1077 4345 1179 4402 denied
1202 4352 1233 4401 to
