2866 4906
392 239 580 296 EPISTOLA
602 240 655 294 AD
677 240 896 295 LECTOREM.
1152 231 1228 295 xxxi

66 412 118 493 ius
135 428 228 474 omne
246 405 365 491 populi
387 407 425 469 in
440 427 474 471 se
490 407 739 490 trarrsferebaet.
792 405 837 471 At
853 426 933 469 nunc
954 403 998 469 ibi
1015 411 1127 470 contra
1148 404 1228 493 legi-

68 530 158 575 mus:
183 508 237 572 Ae
253 507 408 590 antiquos
423 526 475 570 eos
485 507 638 590 pertinet,
655 506 713 590 qai
727 505 867 590 specim
883 505 950 588 qus
966 507 1017 570 rei
1033 507 1227 570 mandatum

69 617 272 692 αεοερεναπι.

139 703 256 771 Libere
273 702 381 791 igitur,
398 702 453 767 sed
469 702 617 779 modeste,
638 701 789 788 ejusmodi
806 705 1000 780 aesculeae
1017 702 1105 768 nobis
1122 703 1228 768 obser·

71 814 169 882 ratas,
181 826 268 888 quae
285 813 345 867 aut
362 803 493 866 incuria
501 804 610 887 fudit,
625 814 683 867 act
696 804 842 867 bumana
853 825 977 887 parum
990 805 1080 868 cavit
1093 815 1227 878 natura,

72 907 112 972 ad
128 904 298 970 utilitatem
316 902 490 976 Lectorum,
514 900 652 965 indicare
667 922 724 965 nos
739 922 831 987 posse
853 901 1039 988 putavimus,
1063 901 1150 968 saluo
1173 902 1229 966 ho·

74 1026 149 1071 nore
165 1001 237 1069 Viri
248 999 369 1088 Magni,
390 999 477 1086 cujus
490 999 706 1080 eruditionem,
723 999 892 1088 ingenium,
907 998 1067 1087 judicium,
1085 1001 1228 1077 virtutes,

75 1125 164 1170 nemo
185 1108 235 1166 est
252 1100 305 1186 qui
322 1097 421 1185 pluris
440 1097 543 1174 iaciat,
566 1119 659 1184 quam
679 1121 745 1166 nos.
793 1100 904 1185 Neque
925 1100 995 1165 heic
1017 1099 1229 1166 substitimus:

78 1201 250 1276 sedetiam,
273 1197 370 1263 sicubi
387 1197 475 1263 nobis
492 1197 577 1263 haud
593 1196 669 1263 satis
688 1207 774 1263 recte
793 1197 972 1263 ratiocinari
993 1198 1077 1263 risus
1094 1208 1150 1275 est,
1174 1209 1230 1264 aut

77 1300 228 1389 principia
252 1319 364 1383 parum
390 1296 481 1361 firma
502 1318 619 1383 ponere
641 1298 737 1383 (quod
760 1318 824 1362 non
849 1296 951 1383 potuit
976 1319 1038 1361 non
1064 1297 1229 1383 aliquando

76 1399 205 1466 evenire
227 1396 278 1474 illi,
304 1395 415 1482 quiin
440 1395 612 1460 vastissima
637 1397 806 1483 disciplina,
829 1406 899 1462 arte
921 1405 954 1461 ct
979 1396 1038 1471 via,
1064 1396 1228 1472 tradenda,

76 1497 209 1587 glaciem
230 1495 421 1583 frangebat)
447 1495 479 1560 id
496 1495 676 1582 simpliciter
692 1505 726 1560 ει
742 1495 873 1561 candide
890 1494 1063 1561 monuimus
1077 1495 1108 1559 in
1123 1497 1229 1561 Notu-

79 1600 121 1664 lia
136 1593 269 1669 nostris;
298 1594 466 1680 dequibus
478 1593 544 1679 jam
561 1593 678 1680 aliquid
695 1594 868 1670 dicendum,
889 1603 936 1671 nt,
954 1594 1062 1681 quales
1078 1593 1140 1659 illae
1157 1594 1229 1672 sint,

78 1705 110 1764 et
126 1695 201 1782 qnid
216 1694 250 1759 in
266 1693 327 1758 illis
342 1693 441 1779 quaeri
456 1694 578 1768 debeat,
596 1692 726 1779 quisquo
741 1693 820 1759 scire
833 1694 939 1779 possit.

152 1796 196 1860 Et
221 1793 323 1880 primo
350 1792 483 1878 quidem,
516 1801 552 1857 ut
576 1792 644 1878 ipsa
666 1792 833 1879 appellatio
855 1793 959 1858 statim
987 1792 1096 1870 innuit,
1126 1793 1158 1857 in
1186 1794 1231 1858 eis

78 1915 170 1982 quam
187 1891 378 1966 brevissime,
402 1911 472 1976 quae
488 1890 628 1956 dicenda
644 1901 734 1956 erant
751 1890 925 1976 exprimere
943 1891 1018 1956 mihi
1040 1892 1231 1979 propositum

78 1993 146 2069 fuit,
167 2014 207 2057 ne
228 1990 325 2054 moles
343 1989 513 2064 uoluminis,
533 1989 600 2074 jam
622 1990 698 2055 satis
720 1989 818 2075 spissi,
841 1989 931 2054 nimis
954 2000 1143 2077 augeretur:
1170 2013 1232 2076 qua

78 2092 119 2156 de
139 2108 251 2156 caussa
272 2088 365 2153 etiam
387 2087 545 2162 nonnulla,
569 2109 652 2173 quoe,
674 2087 707 2152 in
732 2096 880 2154 contextu
900 2088 967 2174 jam
989 2089 1098 2175 posita,
1125 2099 1232 2155 noster

79 2190 240 2255 immemor
256 2185 290 2251 in
307 2185 398 2251 Notis
415 2186 487 2266 suis,
511 2187 639 2251 totidem
665 2186 777 2265 verbis,
804 2196 860 2253 aut
882 2187 990 2253 eodem
1014 2189 1107 2273 plane
1129 2211 1231 2265 sensu,

79 2287 260 2375 repetierat,
277 2286 427 2351 audacter
443 2286 657 2372 expunximus.

154 2384 295 2471 Duplicis
318 2392 423 2450 autem
450 2385 573 2472 generis
599 2393 672 2451 sunt
695 2387 828 2452 Notulae
850 2393 974 2461 nostroe,
1001 2383 1034 2449 in
1056 2385 1232 2450 universum

79 2494 240 2573 spectata.
290 2483 369 2548 Aliae
393 2482 485 2560 enim,
509 2505 587 2569 quas
609 2487 746 2551 criticae
771 2503 883 2549 vocare
907 2483 987 2559 licet,
1013 2483 1045 2548 iu
1067 2506 1104 2548 eo
1125 2485 1234 2569 positos

82 2594 163 2660 sunt,
186 2593 224 2650 nt
241 2582 292 2648 vel
307 2582 460 2647 rationem
475 2583 722 2649 emendationum
741 2592 798 2649 aut
816 2582 1109 2669 supplementorum,
1132 2583 1185 2649 ubi
1201 2583 1234 2649 id

84 2683 257 2749 consultum
273 2680 371 2747 visum
388 2690 445 2756 est,
463 2681 613 2759 reddant3
637 2682 688 2746 rel
705 2682 855 2748 Auctoris
871 2679 1090 2774 παρορᾶματα
1105 2683 1138 2748 iu
1154 2683 1234 2748 male

83 2782 255 2848 referendis
280 2789 337 2846 aut
359 2779 503 2866 aptandis
526 2780 630 2846 verbis
654 2779 848 2867 Scriptorum
876 2781 1082 2862 laudatorum,
1110 2782 1233 2869 quando

85 2880 177 2947 etiam
198 2880 278 2946 utile
297 2877 479 2955 existimaui,
502 2878 659 2956 iudicent;
685 2879 735 2944 rel
758 2878 909 2967 originem
931 2902 1072 2946 errorum
1095 2880 1162 2968 ejus
1187 2903 1235 2946 os-

85 2981 233 3057 tendant;
260 2977 313 3043 rel
326 2976 391 3042 sine
407 2986 488 3043 teste
504 2978 628 3064 prolata
643 2977 762 3044 idoneis
778 2978 1014 3045 auctoritatibus
1028 2980 1162 3056 firment,
1180 2989 1236 3046 aut

86 3079 146 3144 alia
161 3076 314 3166 ejusmodi
332 3077 470 3142 doceant.
514 3076 678 3143 Interdum
693 3077 795 3157 ctiam,
811 3077 866 3143 sed
882 3099 956 3143 raro
972 3086 1006 3143 et
1019 3078 1127 3156 obiter,
1145 3088 1236 3145 natas

88 3176 161 3241 mihi
178 3177 371 3263 conjecturas
393 3176 549 3262 proposui,
574 3176 614 3242 de
631 3176 831 3242 emendandis
852 3176 927 3242 locis
944 3178 1094 3243 Veterum
1110 3177 1237 3264 quibus·

88 3275 169 3353 dam,
186 3296 258 3361 qum
272 3275 304 3339 in
321 3274 394 3360 ipsis
411 3274 546 3340 lontibus
564 3275 674 3341 vitiosa
691 3275 885 3341 ridebantur.
937 3276 1074 3341 Alterius
1089 3299 1165 3342 rero
1182 3299 1235 3364 gc

88 3374 172 3439 neris
187 3374 313 3439 Notuloe
329 3382 446 3437 nostra
462 3376 509 3438 ad
525 3396 576 3440 ree
592 3377 685 3459 opaco
696 3378 870 3459 pertinent,
889 3383 921 3440 et
937 3374 969 3438 in
986 3374 1030 3438 eis
1047 3375 1138 3439 modo
1155 3377 1235 3440 Auc-

91 3470 169 3537 toris
190 3481 331 3547 mentam,
358 3469 411 3536 ubi
433 3472 601 3549 obscurior,
631 3473 725 3539 etiam
750 3472 999 3550 adtendentibus,
1028 3494 1095 3538 esso
1123 3483 1235 3561 potest,

91 3569 228 3636 brevitor
243 3568 390 3657 exposui3
417 3570 508 3635 modo
525 3569 591 3656 ejus
608 3593 740 3648 errores,
759 3571 840 3636 eirca
857 3571 1016 3658 principia,
1039 3581 1095 3638 aut
1114 3573 1237 3640 ratioci-

89 3670 237 3745 nationes,
253 3667 397 3744 indicari,
412 3668 445 3733 in
460 3669 626 3755 praecipuis
641 3670 749 3736 saltem
768 3670 971 3758 argumentis.
1021 3673 1133 3759 Neque
1155 3674 1236 3738 enim

89 3769 167 3833 ratio
184 3767 358 3849 brevitatis,
369 3766 436 3854 jam
452 3768 566 3844 adlata
588 3769 765 3856 patiebatur
779 3779 816 3834 ut
831 3770 934 3835 omnia
950 3772 1167 3857 expenderem,
1183 3782 1239 3840 aut

89 3867 256 3954 quidquam
283 3865 381 3932 fusius
411 3867 605 3934 deducerem.
657 3868 740 3934 Hinc
766 3868 932 3955 saepissime
958 3871 1161 3936 satisfacere
1187 3894 1237 3938 me

89 3984 176 4050 posse
193 3965 313 4052 putavi,
332 3967 494 4032 lectorem
509 3974 631 4032 tautum
647 3967 843 4045 remittendo,
865 3968 915 4034 rel
929 3969 970 4034 ad
988 3971 1076 4056 Opus
1092 3971 1237 4036 eximium

89 4062 321 4130 Porssnonru
338 4067 390 4130 De
406 4066 488 4130 Jure
503 4068 587 4132 Nat.
603 4079 633 4132 et
654 4069 747 4133 Gent.
764 4088 801 4131 ac
822 4075 944 4133 nostras
968 4069 1002 4134 in
1027 4092 1097 4135 eum
1119 4072 1237 4138 Gallice

89 4183 209 4230 versum
234 4164 355 4238 Notae,
388 4162 454 4250 jam
480 4165 550 4251 plus
575 4167 670 4231 semel
695 4165 812 4243 editas;
846 4167 895 4231 rel
919 4168 960 4233 ad
986 4168 1122 4256 ejusdem
1149 4169 1238 4235 Libri

89 4261 324 4351 compendium,
349 4261 398 4326 cui
419 4263 538 4346 titulus,
560 4268 613 4330 De
638 4267 747 4350 Officio
769 4267 924 4332 Hominis
946 4280 976 4332 et
1002 4271 1101 4343 Oivis,
1124 4268 1236 4332 nostris

86 4362 176 4428 etiam
192 4362 290 4430 Notis
307 4360 423 4428 Gallice
440 4361 636 4443 illustratum,
655 4374 687 4430 et
704 4364 816 4452 soepius
832 4386 988 4441 recusum;
1015 4367 1120 4433 velud
1137 4367 1237 4432 Notas
