2866 4906
68 233 137 289 (lar.
151 228 215 300 Vh]
407 234 530 289 FAGTO
552 232 727 297 HOMINIS,
749 232 831 287 nne.
1103 225 1166 289 349

68 400 254 484 Quanquam
279 399 360 464 enim
380 407 612 476 testamentum,
635 407 672 464 ut
692 407 779 464 actus
803 397 865 473 alii,
891 397 1024 463 sormam
1049 407 1167 464 certam
1179 416 1242 503 spo
1251 416 1273 456 ¹1·
1283 418 1325 458 rs

66 497 207 584 accipere
223 497 354 584 possita
365 498 438 583 jure
451 498 541 574 civili,
559 499 628 585 ipsa
643 505 747 562 mmen
760 496 827 582 ejus
844 495 1018 562 substantia
1034 475 1192 585 cognata'

66 605 114 661 est
140 595 284 672 dominio,
308 605 341 663 et
364 619 401 662 eo
424 596 499 661 dato
517 596 598 682 jmis
620 594 781 663 naturalis.
828 595 975 660 ⁶P0ssum
997 595 1079 661 enim
1097 618 1166 662 rem

66 716 168 758 meam
195 694 332 760 alienare
357 716 420 759 non
445 715 523 780 pure
544 694 648 772 modo,
673 694 729 758 sed
752 701 785 758 et
808 693 867 758 sub
889 692 1081 771 conditione;
1109 717 1166 760 nec

65 801 188 858 tantum
200 793 456 873 irrevocabiliter,
469 793 525 858 sed
538 802 570 859 et
585 790 810 868 revocabiliter,
828 799 923 876 atque
934 790 1028 857 etiam
1042 800 1167 859 retenta

66 890 190 955 interim
212 892 401 979 possessione
421 899 455 957 et
468 891 643 978 plenissimo
663 888 788 955 fruendi
803 889 885 975 jure.
937 890 1091 956 Alienatio
1110 913 1166 958 au·

67 998 131 1054 tem
154 989 187 1053 in
203 990 310 1055 monis
327 998 481 1066 eventum,
499 998 573 1056 ante
595 1011 665 1055 eam
681 988 872 1066 revocabilis,
896 996 1019 1055 retento
1041 985 1168 1055 interim

62 1086 136 1171 jure
152 1087 326 1174 possidendi
343 1110 380 1153 ac
399 1087 534 1164 fruendi,
554 1097 603 1154 est
618 1094 846 1153 casamentum.
892 1086 982 1153 Vidit
1001 1088 1060 1154 hoc
1079 1097 1166 1155 recte

67 1185 262 1263 Plutarchus,
279 1187 334 1273 qui
350 1209 419 1253 cum
436 1209 456 1250 a
473 1186 586 1253 Solone
599 1184 727 1252 dixisset
742 1185 923 1272 permissam
939 1185 1056 1252 civibus
1072 1194 1166 1254 testa-
1182 1208 1223 1249 ro
1233 1210 1300 1249 suos

66 1284 164 1349 menti
181 1283 355 1361 factionem,
371 1284 481 1351 addit:
506 1281 553 1353 wei
572 1281 739 1377 χρήματα,
757 1279 915 1363 κτήματα
932 1286 1000 1354 τῶν
1016 1280 1164 1378 ἑχόντων
1177 1255 1324 1339 ww

66 1378 232 1463 ἐποίησεν·
258 1387 372 1468 effecit,
396 1396 501 1450 utres
517 1386 631 1470 entique
647 1405 714 1448 Μ
730 1385 877 1468 proprios
897 1395 928 1448 et
943 1387 979 1448 its
990 1386 1088 1470 pleno
1111 1388 1166 1452 de·

68 1484 171 1546 minio
200 1495 310 1548 caecat.
358 1480 565 1559 Quintilianus
598 1489 687 1568 pater
715 1480 748 1545 in
778 1479 1019 1547 declamatione:
1058 1486 1167 1550 Potest
1180 1508 1329 1550 nmmum

66 1601 168 1664 granc
192 1582 300 1647 videi
325 1584 425 1647 etiam
454 1583 565 1666 aprum
583 1581 834 1666 patrimonium,
860 1581 892 1645 si
916 1602 980 1645 noa
1004 1583 1168 1666 integram

69 1679 167 1762 epea
182 1681 287 1756 habea
305 1693 336 1745 ct
352 1701 426 1746 cum
441 1701 531 1744 omae
543 1681 602 1764 jus
617 1678 708 1743 actm
724 1681 761 1742 ia
777 1679 815 1742 id
830 1680 1047 1762 permittatur
1060 1682 1168 1746 muers·

68 1778 166 1853 titas,
185 1784 360 1862 auferatur
380 1780 599 1844 morientibus.
647 1772 717 1840 Hoc
733 1775 807 1861 jure
824 1776 1031 1857 Abrahamns,
1053 1777 1080 1843 si
1102 1779 1168 1844 sine

67 1874 173 1940 liberis
189 1875 379 1952 decessisset,
397 1898 448 1941 res
470 1897 542 1943 suas
559 1874 700 1941 Elieaero
721 1873 887 1939 relicturus
903 1874 1016 1955 iuerat,
1037 1884 1074 1942 ut
1089 1876 1168 1943 iudi·

68 1981 122 2038 cat
136 1973 221 2038 locus
237 1967 331 2042 ¹(len.
350 1997 400 2039 xr.
418 1977 448 2038 2.

145 2074 165 2135 2
201 2072 294 2149 Quod
320 2093 395 2138 vero
421 2070 535 2139 sicubi
563 2069 701 2137 externis
725 2077 944 2136 testamentum
969 2071 1073 2139 iacere
1106 2097 1169 2139 non

68 2243 193 2290 attulimus
208 2242 593 2304 snpralibror.osp.8.512.ln
643 2245 681 2289 eat
697 2242 795 2288 donatio
809 2243 917 2302 quadam
934 2246 1020 2292 mortis
1032 2260 1124 2306 cauma,
1144 2250 1169 2295 ln

68 2324 139 2366 textu
162 2322 187 2364 et
208 2320 337 2365 annotatm
375 2319 483 2365 Hebraeis
505 2318 595 2364 usitata
642 2317 761 2364 Murem
778 2318 933 2377 Eun1r1n1s;
953 2334 1001 2368 non
1022 2322 1119 2382 quidem
1137 2326 1169 2371 ab

68 2396 214 2439 msmmeuta
223 2397 324 2452 apparet
333 2392 511 2440 Dsut.xxi.16:
527 2392 593 2439 Sira·
642 2394 695 2453 ipss
711 2393 829 2440 Alrmtide
848 2395 920 2452 facta
942 2397 983 2443 sed
1002 2398 1033 2443 ab
1055 2399 1166 2458 Hercule,

68 2467 140 2512 chida
149 2466 227 2525 capite
237 2467 318 2513 xxxiii.
326 2469 364 2514 25.
395 2466 437 2527 [In
447 2470 593 2513 testamento
642 2470 888 2529 vomitionem.
904 2484 976 2530 quam
986 2472 1059 2518 stium
1073 2475 1168 2521 Auctor

69 2541 180 2587 Herculis
189 2543 216 2587 et
224 2540 361 2598 Alcestidis,
371 2540 437 2600 quod
446 2544 516 2586 vocat
524 2539 592 2586 Aue·
641 2553 687 2601 pro
693 2542 803 2601 exemplo
808 2542 894 2600 adfert,
902 2544 928 2589 in
935 2545 1062 2603 Sparsione
1068 2545 1168 2592 Florum

68 2619 108 2661 tor
125 2617 213 2670 noster,
230 2613 265 2659 nil
281 2613 311 2660 de
326 2613 396 2659 bonis
408 2612 536 2660 statuitur:
550 2613 593 2659 sed
642 2614 678 2662 ad
691 2615 740 2662 Jar
748 2616 881 2665 Juseaiaa.
897 2633 953 2680 pag.
968 2620 1006 2669 36.
1025 2622 1089 2668 uude
1104 2622 1169 2670 forte

68 2692 163 2735 tantum
179 2687 293 2734 mandate
307 2687 416 2746 quisdam
430 2686 527 2733 dantur.
556 2687 594 2734 Aa
643 2694 698 2736 orta
709 2691 825 2740 motusic.
840 2692 922 2754 J.B.]

68 2935 119 2991 the
133 2933 247 3006 geueml
265 2933 408 2989 condition
422 2933 456 2989 of
466 2937 651 3010 sovereiguty,
672 2938 763 2994 either
777 2939 922 3013 enlarging
940 2958 974 2996 or
994 2944 1170 3016 contracting

69 3021 118 3076 the
133 3020 276 3091 authority
289 3021 323 3074 os
334 3019 383 3075 the
397 3020 498 3091 people
509 3037 542 3076 or
555 3021 589 3076 oi
600 3023 650 3079 the
661 3024 737 3096 king.

120 3106 201 3159 XIV.
237 3110 251 3158 1
274 3105 342 3160 Als‘o
356 3121 398 3160 we
412 3113 488 3160 must
499 3107 616 3163 observa
630 3107 693 3163 that
708 3110 789 3166 when
800 3127 842 3166 we
856 3112 943 3184 speals
957 3112 992 3168 oi
1009 3114 1170 3180 alienation,

68 3208 110 3246 we
124 3190 245 3254 include,
259 3190 290 3243 in
303 3189 367 3246 that
380 3191 451 3245 class
466 3191 499 3246 ol
511 3209 662 3264 processes,
676 3200 879 3268 testamentary
892 3199 1079 3268 dispositious.
1113 3201 1171 3254 For

68 3274 177 3346 though
188 3292 206 3328 a
216 3281 377 3340 testament,
390 3276 448 3331 like
462 3277 546 3332 other
558 3285 627 3341 acts,
639 3296 704 3351 may
716 3296 825 3334 assume
837 3297 855 3333 a
868 3283 976 3337 certain
986 3282 1060 3336 form
1071 3283 1110 3354 by
1121 3282 1171 3338 the

70 3361 142 3414 civil
156 3361 242 3424 Law3
258 3365 307 3431 yet
320 3361 357 3415 its
371 3361 521 3418 substance
536 3362 588 3417 has
607 3379 625 3417 a
644 3365 719 3419 close
730 3365 836 3436 affinity
849 3365 917 3420 with
932 3366 1096 3437 ownership,
1113 3367 1171 3421 aud

69 3444 144 3510 thus,
158 3445 182 3498 is
196 3444 288 3498 under
305 3445 425 3500 Natural
439 3447 514 3503 Law.
551 3448 609 3502 For
624 3449 639 3502 I
653 3466 718 3521 may
735 3449 856 3504 alienate
876 3467 925 3521 my
938 3452 1103 3521 possession,
1120 3458 1172 3508 not

69 3529 137 3601 only
148 3529 257 3602 simply,
268 3529 321 3585 but
332 3530 391 3585 also
407 3532 498 3586 under
512 3532 673 3597 condition;
690 3532 741 3588 not
755 3533 822 3604 only
835 3534 1017 3606 irrevocably,
1028 3536 1081 3590 but
1092 3553 1172 3592 revo-

69 3615 159 3687 cably,
173 3615 229 3669 and
244 3631 314 3670 eren
325 3617 467 3687 retaining
483 3617 513 3670 in
528 3617 577 3672 the
591 3634 675 3672 mean
689 3620 758 3673 time
769 3620 926 3689 possession
940 3620 997 3675 and
1008 3619 1058 3676 the
1074 3622 1173 3677 fullest

39 3761 42 3766 ,
68 3717 164 3772 power
175 3700 208 3755 oi
216 3701 347 3773 enjoying
358 3702 390 3757 it.
422 3702 480 3756 But
491 3702 643 3758 alleuatiou
654 3704 745 3758 under
757 3703 909 3770 condition,
920 3706 1033 3778 namely
1044 3706 1094 3762 the
1105 3723 1172 3762 con·

68 3787 160 3841 dition
178 3786 212 3840 oi
227 3803 275 3857 my
295 3785 389 3851 death,
408 3786 465 3840 and
481 3787 629 3842 revocable
645 3788 744 3843 before
759 3788 823 3842 that
837 3796 929 3855 erent,
944 3791 1025 3848 while
1046 3793 1061 3847 1
1080 3794 1173 3848 retain

68 3871 225 3942 possession
240 3870 296 3924 and
308 3872 471 3941 enjoyment
484 3872 514 3924 in
527 3870 577 3927 the
591 3889 675 3928 mean
690 3874 766 3939 time,
778 3874 802 3927 is
813 3891 832 3928 a
842 3875 1014 3933 Testament.
1052 3879 1090 3933 So
1102 3879 1172 3933 Plu·

68 3956 159 4020 tarch,
173 3956 309 4027 speaking
323 3955 356 4009 oi
369 3955 479 4010 Solou's
492 3958 625 4027 granting
634 3957 684 4012 the
698 3958 852 4015 Atheniens
866 3962 1032 4031 permissiou
1046 3969 1077 4019 to
1089 3964 1173 4018 make

68 4058 87 4094 a
100 4041 164 4106 will,
181 4041 260 4105 adds,
275 4041 304 4095 in
319 4040 403 4095 order
419 4039 482 4095 that
496 4056 579 4112 every
598 4058 653 4097 one
666 4043 757 4113 might
775 4043 846 4101 have
863 4046 917 4100 t'ull
934 4048 1090 4119 ownership
1106 4064 1173 4102 over

68 4125 112 4179 his
127 4142 189 4180 own
199 4131 342 4197 property.
382 4126 421 4180 So
437 4125 600 4189 Quintilian.
638 4128 676 4182 So
688 4128 832 4183 Abraham
851 4131 877 4185 if
891 4130 928 4186 he
940 4131 998 4186 had
1011 4132 1077 4186 died
1092 4131 1173 4186 with·

69 4214 120 4263 out
134 4210 269 4275 children,
280 4211 371 4266 would
386 4210 457 4265 have
472 4210 524 4266 leit
538 4210 582 4266 his
593 4219 728 4285 property
745 4222 776 4270 to
789 4216 906 4272 Eliezer.
939 4217 1011 4271 Gen.
1025 4233 1068 4270 xv.
1083 4223 1109 4270 2.

125 4299 142 4346 2
164 4293 225 4349 The
239 4295 292 4349 law
303 4296 366 4352 that
380 4297 411 4352 in
424 4312 501 4353 some
515 4296 608 4367 places
626 4305 767 4373 strangers
782 4317 831 4356 are
846 4308 896 4357 not
911 4301 1028 4356 allowed
1042 4306 1074 4355 to
1090 4300 1174 4354 make
