2866 4906
221 204 286 270 316
471 214 523 267 ΒΕ
545 213 821 277 AOQUISITIONE
844 212 1075 268 ORIGINARIA
1189 210 1264 280 [Lis.
1278 213 1318 267 11.

222 399 320 443 nurus
342 375 413 442 filia
437 397 520 441 sum:
546 375 608 441 lilia
634 375 705 441 filiae
732 375 786 440 filii
811 376 879 442 sui:
912 376 976 441 iilia
1001 376 1056 441 filii
1080 376 1137 441 filii
1156 376 1225 443 sui:
1255 375 1320 443 iilia

223 477 295 542 filiae
311 475 383 541 filia
402 497 486 540 suae:
514 475 577 540 iilia
593 475 648 539 filii
663 475 734 539 filias
749 496 832 541 suae:
858 475 922 540 filia
946 475 1017 540 filiae
1033 475 1088 541 filii
1103 475 1209 542 uxoris
1233 498 1319 544 suaet

223 576 287 641 filia
313 575 384 640 filiae
409 573 480 639 filiae
502 572 608 639 uxoris
632 596 714 638 suae:
742 583 843 639 mator
863 574 972 640 matris
993 575 1092 661 patris
1115 575 1220 640 uxoris
1243 597 1318 654 sua,

224 683 325 742 mater
346 672 446 761 patris
461 672 570 738 matris
586 672 692 738 uxoris
708 695 792 739 suae:
816 672 850 738 id
871 683 928 749 est,
951 681 988 740 ιι
1009 696 1096 739 more
1117 673 1229 760 loquar
1251 676 1320 740 Ro«

224 795 326 851 mano,
342 772 422 840 awiae
439 781 472 839 ct
487 771 622 860 proawiae
640 794 754 848 omnes,
774 793 986 859 pronovcrcae,
1003 782 1179 861 proneptes,
1196 774 1319 861 propri-

225 873 337 962 wignae,
364 893 527 959 pronurns,
550 892 735 958 prosocrus:
769 871 843 957 quia
866 871 982 939 scilicet
1003 881 1037 939 et
1060 873 1118 938 snb
1143 873 1320 961 agnationis

224 973 348 1038 nominc
367 971 647 1059 comprehendatur
670 970 776 1036 similis
793 972 946 1060 cognatio,
972 979 1006 1038 et
1021 972 1078 1038 sub
1100 972 1200 1058 primo
1216 974 1321 1061 gradu

225 1071 386 1149 secundus,
411 1080 445 1139 ct
466 1072 524 1138 sub
540 1070 675 1136 secundo
691 1070 811 1147 tertius,
836 1070 921 1136 ultra
940 1092 1033 1157 quem
1051 1071 1105 1136 vix
1121 1081 1170 1137 est
1189 1081 1227 1138 ut
1242 1072 1321 1138 oriri

225 1169 436 1237 controversia
452 1169 557 1258 possit,
578 1191 648 1236 cnm
663 1168 786 1258 alioqui,
810 1169 837 1236 si
853 1179 966 1258 posset,
989 1169 1023 1236 ia
1037 1169 1190 1238 infinitum
1207 1171 1320 1239 cadem

224 1269 331 1338 lutura
346 1278 429 1337 essct
443 1269 533 1336 ratio.

300 1373 321 1436 5
357 1370 428 1436 Has
449 1378 553 1436 autem
570 1368 665 1458 loges,
689 1377 722 1434 et
738 1389 778 1434 nc
793 1369 908 1436 fratros
927 1369 1084 1437 sororibus
1103 1370 1319 1451 miscerentur,

225 1468 284 1556 ipsi
300 1469 422 1536 Adsmo
438 1477 564 1535 censent
584 1468 673 1535 datas
690 1468 818 1534 chraei
839 1469 928 1535 simul
944 1492 1014 1536 cum
1030 1471 1101 1560 lege
1117 1470 1158 1536 de
1176 1471 1245 1536 Deo
1268 1494 1321 1537 co·

225 1570 329 1646 lendo,
343 1569 417 1654 jure
433 1567 573 1648 dicendo,
590 1589 653 1632 non
669 1567 828 1633 fundendo
843 1569 1002 1659 sanguine,
1018 1592 1079 1635 non
1096 1570 1229 1635 colendis
1248 1571 1321 1637 Diis

224 1668 319 1744 falsis,
336 1689 400 1733 non
415 1666 565 1755 rapienda
579 1688 616 1732 re
630 1666 751 1732 aliona:
776 1667 832 1732 sed
848 1669 895 1734 ita
908 1683 945 1735 ut
960 1667 1047 1758 leges
1061 1669 1238 1758 conjugales
1256 1670 1320 1735 vim

224 1789 312 1833 suam
325 1788 387 1832 non
403 1774 594 1844 exsererent,
618 1765 677 1831 nisi
694 1774 765 1853 post
781 1766 1015 1852 multiplicatum
1032 1767 1098 1854 jam
1119 1768 1195 1834 satis
1209 1769 1321 1835 huma·

224 1889 299 1933 num
322 1888 432 1955 genus,
457 1864 541 1951 quod
557 1865 624 1952 ipso
645 1865 732 1930 initio
746 1864 812 1930 sine
827 1866 960 1932 fratrum
983 1876 1016 1933 et
1038 1889 1178 1933 sororum
1201 1869 1320 1956 nuptiis

224 1966 404 2055 contingere
420 1964 565 2051 nequivit
611 1965 722 2050 Neque
744 1964 864 2030 referre
885 1975 998 2052 putant
1023 1967 1106 2053 quod
1132 1967 1165 2032 id
1186 1989 1207 2033 a
1227 1969 1320 2034 Mose

224 2059 301 2131 11ιιιο
327 2065 396 2131 Ιοοο
423 2073 583 2130 narratam
609 2062 757 2131 nonsit:
782 2063 856 2149 quia
878 2065 953 2130 satis
977 2065 1087 2132 habuit
1104 2067 1164 2131 hoo
1187 2065 1221 2131 in
1246 2066 1320 2156 lege

223 2166 292 2252 ipsa
307 2165 402 2232 tacite
417 2163 577 2241 indicasse,
595 2185 663 2228 oum
679 2173 789 2252 gentes
805 2172 971 2230 exhanoas
985 2187 1022 2230 eo
1039 2165 1163 2231 nominc
1179 2165 1317 2232 damnat

223 2265 326 2331 Multa
341 2264 423 2330 onim
439 2263 515 2329 talia
530 2285 597 2329 esse
619 2262 652 2327 in
671 2262 753 2351 lege,
775 2284 846 2348 quse
867 2284 931 2327 non
948 2263 1100 2349 temporis
1118 2265 1236 2343 ordine,
1260 2267 1319 2332 scd

223 2387 263 2430 ex
286 2364 444 2430 occasione
467 2362 632 2429 dicontur:
657 2362 740 2427 unde
755 2361 809 2426 illa
824 2361 906 2428 inter
924 2361 1080 2428 Hebraeos
1096 2364 1225 2431 celebris
1247 2387 1320 2431 sen-

221 2464 338 2530 tentia:
363 2463 396 2528 in
412 2463 483 2551 lege
502 2484 565 2528 non
581 2482 648 2527 csse
664 2461 751 2548 prius
767 2468 824 2527 aut
839 2462 1001 2548 posterius,
1024 2461 1129 2540 idest,
1149 2464 1248 2531 multa
1267 2487 1321 2534 re-.

219 2563 297 2628 ferri
314 2560 453 2654 ὕστερον
471 2558 647 2653 πρότερον.

262 2737 339 2784 isco
352 2738 403 2784 loco
416 2743 540 2785 muctam
551 2753 597 2784 non
610 2737 655 2797 sit]
680 2737 742 2782 Nam
792 2737 841 2796 [Ex
857 2736 893 2782 his
913 2738 1022 2784 omnibns
1038 2753 1086 2785 non
1101 2744 1182 2799 potest
1197 2745 1251 2787 tuto
1266 2741 1320 2786 eol-

218 2828 296 2874 ncqnc
306 2814 344 2860 lex
354 2814 396 2858 illa
406 2818 502 2860 narrata
512 2819 555 2869 cst,
566 2827 596 2860 cx
606 2827 654 2873 qua
664 2811 743 2857 duduc
791 2811 842 2870 ligi,
856 2811 961 2870 aliquam
975 2812 1054 2871 legem
1066 2827 1082 2858 a
1095 2813 1148 2859 Deo
1158 2814 1230 2860 fnisse
1242 2815 1318 2861 latam

218 2889 360 2934 Thamarem
368 2888 474 2933 comburi
481 2888 564 2934 soluit.
581 2888 620 2933 Sic
627 2887 742 2932 Sichomi·
792 2887 822 2931 ds
835 2886 946 2932 adulterii
964 2891 1007 2932 ant
1029 2893 1114 2948 raptus
1136 2902 1215 2948 poena,
1230 2889 1269 2935 wel
1285 2891 1319 2935 de

217 2962 347 3008 tasJudith
354 2966 420 3006 racto
426 2961 516 3006 occisos
526 2961 569 3016 ait,
583 2961 647 3020 qnod
654 2960 741 3019 virgini
791 2959 891 3005 incestu.
900 2960 1115 3008 DiximusinNotis
1121 2963 1225 3009 Gallicis.
1236 2962 1317 3022 Ma]

216 3041 327 3095 stuprum
345 3035 489 3090 intulissent,
506 3047 544 3079 rx.
562 3037 585 3081 2.
608 3039 633 3079 et
654 3035 740 3080 liuban
835 3033 939 3080 'Locus
954 3041 991 3081 cst
1001 3038 1066 3096 apud
1081 3040 1263 3093 Auonsnrsnn,
1275 3037 1317 3084 Dc

216 3109 293 3169 patris
309 3107 436 3154 maledicto
455 3107 540 3154 feritur
562 3109 594 3153 ob
615 3108 740 3154 incestum.
792 3108 862 3158 tivit.
872 3110 982 3157 Dcihib.
992 3125 1014 3156 w.
1022 3126 1043 3158 ο.
1054 3115 1091 3160 10.
1102 3113 1316 3173 nimirumcscrip·

533 3254 643 3261 --——-

217 3353 376 3426 daughters
395 3355 468 3411 son’s
491 3358 647 3430 daughter3
668 3361 754 3416 wiie's
775 3361 849 3417 eon’s
871 3362 1032 3434 daughters
1053 3362 1208 3433 daughter3
1230 3358 1317 3416 wife’s

217 3441 376 3512 daughters
385 3442 544 3514 daughters
552 3445 702 3516 daughtcr;
722 3448 806 3503 wife's
817 3448 931 3504 fathers
941 3449 1072 3503 mothors
1087 3448 1215 3511 mathan
1230 3447 1318 3502 wise's

217 3527 349 3582 mother’s
367 3527 483 3584 fathers
499 3531 625 3586 mother:
653 3533 744 3588 thch
762 3533 811 3588 the
825 3534 950 3588 Romans
969 3550 1081 3606 express
1095 3535 1126 3586 in
1146 3550 1165 3588 a
1184 3532 1318 3588 different

219 3628 287 3683 way.
332 3612 397 3666 And
409 3630 440 3668 so
455 3616 485 3667 in
499 3617 636 3688 infinitum
649 3619 676 3671 if
686 3621 710 3672 it
724 3620 807 3675 could
822 3621 858 3674 be
870 3637 1025 3691 necessary.

272 3704 289 3750 5
321 3697 413 3752 These
428 3701 502 3764 laws,
516 3704 572 3756 and
593 3703 642 3757 tho
662 3705 714 3758 law
731 3706 840 3775 against
857 3706 906 3760 the
927 3708 1064 3776 marriage
1079 3705 1113 3759 of
1127 3704 1244 3759 brother
1258 3704 1318 3759 and

218 3782 307 3846 Βῑῦῑθΐ,
321 3782 370 3837 thc
382 3783 516 3842 Hebrows
531 3787 612 3842 think
629 3807 699 3845 wore
714 3792 796 3861 given
810 3799 841 3846 to
855 3791 947 3846 Adam
961 3799 992 3846 at
1009 3792 1058 3847 the
1073 3808 1150 3846 same
1164 3792 1233 3845 time
1248 3790 1318 3844 with

218 3866 267 3921 21¹0
278 3867 352 3931 lm,
367 3875 398 3922 ιο
409 3872 527 3944 worship
540 3875 612 3939 God,
627 3883 677 3931 not
692 3883 721 3930 to
733 3876 803 3932 shed
818 3877 911 3942 blood,
926 3888 957 3932 to
968 3877 1087 3949 worship
1102 3894 1140 3932 no
1152 3877 1223 3931 l'alse
1237 3875 1318 3946 gods,

217 3960 268 4006 not
287 3960 317 4007 ιο
340 3954 406 4008 take
420 3955 495 4011 what
514 3959 537 4012 is
558 3961 706 4017 onothera.
752 3964 810 4017 But
831 3963 898 4036 they
912 3964 994 4018 think
1013 3963 1076 4017 that
1095 3963 1144 4018 the
1165 3963 1230 4016 laws
1248 3977 1318 4016 con-

217 4040 333 4110 coming
346 4039 395 4094 the
410 4043 539 4112 conjugal
553 4047 639 4100 nnion
654 4064 726 4102 were
741 4050 822 4119 giren
840 4066 872 4104 so
892 4049 954 4104 that
968 4049 1036 4121 they
1050 4049 1152 4104 should
1166 4055 1217 4103 not
1231 4047 1267 4101 bo
1286 4049 1317 4101 in

216 4125 294 4180 force
314 4126 358 4180 till
371 4126 421 4181 the
442 4126 547 4182 human
561 4147 626 4185 raee
640 4151 695 4188 was
709 4142 740 4188 to
755 4153 773 4188 a
787 4137 894 4190 certain
909 4141 1005 4190 extant
1020 4134 1196 4206 multiplicd;
1223 4133 1317 4187 which

216 4213 299 4266 could
319 4219 369 4267 not
385 4213 451 4268 tako
471 4215 551 4285 place
573 4223 602 4271 at
623 4218 684 4272 first
699 4220 816 4276 without
836 4222 885 4276 the
905 4223 1044 4292 marriage
1058 4222 1091 4275 of
1109 4219 1237 4275 brothers
1258 4219 1317 4273 and

216 4299 318 4355 sistere.
356 4300 385 4354 N
387 4317 419 4354 or
434 4301 471 4354 do
486 4300 553 4374 thoy
568 4302 649 4356 think
664 4305 685 4359 it
697 4323 752 4377 any
767 4308 908 4377 objection
916 4315 946 4362 to
961 4308 1017 4363 this
1029 4313 1157 4370 account,
1176 4305 1239 4360 that
1254 4305 1277 4358 it
1292 4305 1318 4359 is

215 4393 266 4441 not
279 4388 361 4457 gisen
375 4387 406 4441 in
420 4388 469 4443 the
483 4389 626 4445 narration
640 4390 674 4446 of
685 4392 778 4448 Moses
786 4412 795 4458 3
816 4393 862 4448 ior
874 4394 911 4449 he
926 4393 994 4449 hold
1009 4395 1032 4449 it
1046 4394 1184 4450 sufficient
1197 4397 1227 4447 to
1244 4389 1318 4444 indi.
