2866 4906
247 207 313 272 398
452 215 505 270 nn
527 214 879 282 sceummoumus,
901 216 993 281 eum
1014 216 1148 274 vunuo
1224 212 1354 289 [unm

247 382 323 449 relis
348 382 491 470 quadam
517 383 668 471 possessio
694 383 737 450 ad
766 381 935 449 dominium
968 381 1223 468 adipiscendum
1258 389 1357 470 atque

85 502 235 589 tuctu·
248 481 320 548 ideo
343 483 521 549 vulnerasse
545 504 608 547 non
633 481 753 559 sufficit,
778 489 814 547 ut
838 489 924 547 recte
949 490 1059 547 eontra
1084 481 1272 548 Trebatium
1287 482 1357 569 pla·

85 550 201 637 lim
248 579 321 646 cuit.
373 582 458 647 Hine
474 581 692 668 prouerbium·
718 573 823 647 ‘Atto
840 581 977 693 leporem
993 583 1153 647 excitasti.
1178 581 1225 646 Et
1240 580 1356 647 Ouidio

248 682 549 766 Metcmcopltoseoo
566 680 674 766 quinto
691 679 776 746 aliud
792 686 841 746 est
856 678 935 744 scire
951 677 1071 756 ubisit,
1087 678 1174 746 alind
1190 679 1343 767 reperire.

325 780 381 844 IV.
435 779 499 844 Sed
514 778 683 866 ³possessio
698 777 753 843 illa
769 786 872 865 potest
887 777 1006 864 acquiri
1030 798 1094 843 non
1108 777 1182 844 solis
1197 777 1354 857 manibus,

248 877 304 941 sed
320 876 540 953 instrumentis,
562 885 598 944 nt
622 876 779 963 decipulis,
802 875 932 953 retibus,
956 875 1085 962 lequeis,
1106 877 1181 944 dnm
1209 877 1274 943 duo
1299 877 1355 944 ad·

248 973 329 1040 sint:
357 974 501 1062 primum,
524 985 561 1041 ut
584 975 653 1062 ipso
677 975 884 1041 instrumenta
907 972 1027 1041 sintin
1051 983 1160 1041 nostra
1183 983 1354 1062 potestate,

249 1073 370 1150 deinde,
398 1083 435 1140 ut
462 1075 531 1140 fers
558 1075 604 1139 its
631 1073 750 1139 inclusa
775 1071 825 1150 ιιι,
852 1081 888 1139 ut
915 1072 1003 1138 exire
1026 1072 1100 1139 inde
1127 1082 1288 1161 nequeat·
1312 1074 1356 1141 ad

85 1193 340 1288 granataquem
358 1173 482 1238 modum
499 1172 674 1239 definienda
693 1181 743 1239 est
763 1170 894 1258 quaetio
911 1172 951 1237 de
966 1193 1054 1259 apro,
1075 1171 1129 1258 qui
1151 1171 1185 1238 in
1205 1173 1354 1259 loqueum

83 1241 147 1327 liiii
143 1242 204 1326 noui
246 1270 398 1338 inciderit.

323 1371 362 1435 V.
415 1371 494 1435 Haec
517 1391 594 1483 ergo
618 1368 719 1435 locum
743 1369 904 1435 habebunt
926 1390 952 1434 ιι
942 1366 1020 1434 lex
1036 1366 1122 1434 nulla
1138 1366 1263 1435 ciuilis
1252 1377 1356 1437 inter-

84 1490 223 1579 semp
249 1469 389 1536 venerit:
412 1469 504 1536 valde
530 1468 612 1534 enim
641 1468 793 1534 falluntur
818 1466 1010 1532 recentiores
1035 1465 1269 1545 Juriseonsulti,
1299 1468 1354 1582 qni

82 1582 218 1670 t‘ffi„
248 1569 316 1633 haec
344 1567 389 1632 ita
416 1575 529 1653 putent
557 1566 721 1644 naturalis,
750 1575 786 1631 ut
817 1565 933 1631 mutari
961 1573 1138 1650 nequeunte
1166 1574 1243 1631 sunt
1270 1567 1354 1633 enim

82 1674 125 1714 Μ
248 1666 404 1731 naturalia
419 1686 483 1729 non
498 1665 687 1751 simpliciter,
704 1665 760 1731 sed
781 1686 839 1750 pro
846 1671 942 1729 certo
959 1685 1065 1729 rernm
1082 1672 1177 1741 statu,
1195 1663 1230 1730 id
1247 1673 1309 1743 est,
1324 1665 1353 1733 si

246 1763 338 1828 aliter
359 1772 484 1828 cautum
502 1784 566 1828 nou
587 1763 637 1830 sit.
690 1762 867 1851 Germanis
891 1770 996 1828 summ
1013 1761 1129 1850 populi,
1147 1783 1219 1828 cum
1235 1763 1355 1851 prinoi-

138 1950 145 1960 ·
246 1935 362 1999 γονᾶσθαι
380 1935 509 1992 δεσπότην
525 1937 571 1983 τοῦ
588 1936 681 1994 θηρίον,
699 1938 721 1983 cl
739 1937 773 1996 μιί
864 1935 1107 1999 'Deuuiversojure
1116 1938 1290 1999 occupationis
1298 1940 1353 1987 tide

245 2012 287 2059 nal
302 2013 396 2058 τούτου
412 2011 544 2072 δράξεται·
564 2027 611 2058 now
626 2012 698 2058 aliter
712 2013 773 2058 enirn
820 2009 989 2056 Puraunoar.
1009 2010 1050 2058 De
1069 2011 1132 2059 Jura
1151 2011 1215 2059 Nat.
1234 2018 1259 2059 et
1282 2013 1352 2061 aaa.

245 2085 424 2145 dominusne
434 2086 469 2145 fit
483 2086 525 2146 qut
534 2087 673 2144 οιιιιιιναοιι,
687 2087 736 2134 nist
750 2091 773 2133 ct
819 2083 873 2130 Lib.
884 2096 919 2131 rw.
938 2098 991 2144 esp.
1001 2084 1024 2132 6.
1041 2086 1082 2131 ubi
1092 2086 1118 2131 in
1128 2086 1210 2146 Notis,
1228 2088 1354 2148 pracipes

245 2163 341 2222 ceperit.
819 2158 918 2205 alterins
936 2157 1064 2219 Editionls‚
1080 2165 1192 2207 naturam
1206 2165 1232 2209 ct
1250 2162 1355 2209 ιιιιοιιιι

291 2236 301 2272 f
311 2237 376 2284 Aliis
388 2237 491 2297 teporem
507 2234 626 2295 excitasti]
647 2236 693 2282 Est
707 2236 772 2295 apud
819 2233 872 2294 ejus
882 2235 1017 2280 accuratius
1027 2236 1190 2295 exposuimus.
1220 2236 1249 2284 J.
1258 2236 1293 2284 B.

245 2311 395 2359 Petronium.
430 2310 505 2370 (cop.
523 2312 576 2357 1³1.
604 2309 654 2358 Ed.
673 2309 773 2369 Bam)
863 2316 876 2351 t
891 2307 1017 2367 Sapienter
1027 2308 1304 2365 existimaruntabillie
1312 2324 1353 2357 re·

246 2386 348 2435 Ouidius
362 2385 426 2444 (Art.
435 2385 491 2432 Am.
502 2398 543 2431 ιιι.
553 2384 621 2443 ddl):
820 2382 1036 2441 maspetum,
1049 2396 1102 2443 quoe
1110 2382 1352 2443 sinadamcnjus-

314 2459 341 2497 ιιι
353 2460 411 2507 lopus
422 2459 455 2497 hio
466 2459 511 2498 allis
523 2459 636 2507 emulatus
646 2458 690 2498 eru
819 2468 891 2514 quam
901 2454 973 2501 tribui
978 2455 1089 2516 pemati]
1111 2456 1159 2503 Sed
1167 2458 1198 2504 de
1206 2457 1295 2505 ultimo
1306 2471 1353 2505 um

244 2521 458 2582 langobardorum
470 2522 533 2580 jure,
544 2521 587 2580 qui
596 2523 671 2567 feram
681 2522 712 2566 ab
724 2520 772 2567 alio
820 2528 891 2589 huju,
896 2528 959 2589 juri,
969 2530 1022 2576 vide
1030 2530 1227 2578 Sabbas-tenum
1235 2532 1353 2581 polim.

245 2597 394 2643 vnlneratam
412 2596 500 2641 occidit
515 2602 558 2641 aut
575 2596 673 2655 reperit,
693 2596 773 2643 aufert
820 2602 874 2659 tice,
886 2602 949 2659 (Lib.
961 2616 978 2648 1.
990 2617 1012 2649 c.
1023 2603 1056 2661 4.)

246 2671 357 2716 dextrum
367 2684 460 2716 armum
470 2684 524 2716 eum
535 2675 627 2729 septem
635 2670 715 2716 costis.
742 2671 772 2716 In
864 2674 875 2702 ⁴
890 2675 1036 2722 Procurator
1053 2676 1094 2723 ille
1109 2690 1158 2722 uon
1171 2683 1224 2725 erat
1239 2684 1352 2728 veterum

245 2745 337 2803 reliquo
348 2745 367 2788 ie
378 2745 419 2802 qul
434 2744 567 2789 uulnerauit
578 2744 620 2803 jus
634 2745 714 2799 habet,
730 2746 772 2790 sed
820 2749 916 2809 Regum
924 2751 1026 2810 AEgypti
1036 2751 1153 2805 minister,
1162 2753 1205 2798 sed
1212 2754 1352 2814 Imperato-

245 2832 293 2864 non
305 2819 350 2862 nisi
360 2819 424 2863 intra
434 2818 504 2863 horas
519 2831 593 2864 xx1v.
610 2818 675 2878 (Lib.
687 2832 704 2865 1.
722 2820 771 2866 Tit.
820 2838 875 2870 rum
892 2826 1063 2881 Romnnomm,
1079 2840 1108 2872 ex
1124 2840 1153 2872 eo
1168 2830 1281 2888 tempore
1293 2844 1352 2877 eon.

245 2893 300 2938 nii·
313 2892 373 2951 Leg·
384 2894 407 2950 4,
417 2890 453 2951 6.)
821 2899 927 2956 stitutus,
938 2900 1133 2959 quoinsormam
1143 2902 1352 2966 proslneiaercgto

246 3135 328 3190 other
340 3133 486 3189 evidence.
506 3151 537 3190 as
552 3136 577 3189 if
589 3136 637 3191 the
652 3136 732 3194 beust
749 3139 786 3195 bo
799 3143 919 3208 coast-ut,
938 3161 970 3199 or
981 3145 1053 3200 heve
1067 3161 1084 3198 a
1099 3143 1156 3200 bell
1170 3145 1250 3217 hung
1265 3152 1296 3203 to
1310 3148 1350 3214 ιιι

244 3237 275 3275 as
293 3237 334 3275 we
352 3221 434 3274 know
448 3221 510 3275 that
525 3221 593 3277 door
607 3223 664 3276 end
685 3224 779 3281 howlrs
800 3227 872 3283 hove
890 3232 1051 3286 sometimes
1072 3229 1139 3297 hod,
1152 3231 1210 3285 and
1227 3230 1349 3306 therebp

244 3305 316 3361 heve
331 3306 404 3361 been
418 3307 545 3362 restored
557 3314 587 3362 to
602 3309 651 3363 tho
666 3326 789 3369 owners.

298 3393 383 3447 Some
396 3394 541 3463 corporeol
553 3396 710 3465 possession
725 3397 748 3451 is
760 3399 891 3468 required
903 3406 933 3456 to
946 3401 1029 3456 make
1039 3400 1089 3455 the
1101 3401 1260 3474 ownership
1272 3418 1350 3458 com-

242 3477 336 3548 pleto;
354 3478 409 3530 und
430 3478 571 3534 therefore
591 3481 612 3534 ιι
634 3481 658 3534 ιι
676 3487 726 3537 not
748 3484 859 3554 enough
878 3491 908 3539 to
925 3485 997 3541 heve
1012 3486 1150 3542 wounded
1163 3485 1254 3553 them,
1274 3504 1306 3542 as
1324 3489 1349 3544 is

242 3561 347 3632 rightly
367 3561 444 3625 hold,
466 3564 496 3616 in
515 3566 675 3635 opposition
695 3574 725 3621 to
747 3569 904 3625 Trebatius.
940 3572 1038 3627 Hence
1059 3572 1107 3627 the
1130 3573 1262 3644 proverb,
1287 3574 1350 3629 Yoc

242 3649 345 3701 started
360 3648 401 3701 tho
415 3648 610 3718 herefordiae
625 3659 650 3705 to
665 3655 749 3708 octob.
785 3655 851 3709 And
865 3672 896 3709 so
912 3656 993 3713 Ouid.

300 3732 349 3784 IV.
388 3733 446 3785 But
458 3749 476 3786 a
487 3736 643 3805 possession
652 3737 743 3791 which
754 3740 830 3808 gives
844 3742 1000 3814 ownorship
1016 3758 1081 3813 may
1092 3742 1129 3797 be
1140 3742 1283 3814 required,
1294 3749 1349 3801 not

241 3815 337 3887 bytho
351 3814 441 3869 hands
456 3818 546 3883 alono,
561 3820 613 3875 but
630 3821 668 3893 by
679 3823 869 3890 instrumente,
883 3844 913 3881 ns
929 3834 1014 3899 traps,
1028 3844 1132 3893 sumes,
1145 3835 1221 3894 nets;
1237 3845 1276 3884 on
1290 3838 1348 3887 two

241 3900 417 3963 conditions3
435 3902 504 3966 tlrst,
515 3904 578 3960 thot
592 3906 641 3961 the
653 3909 834 3964 instrumente
849 3910 885 3966 bo
898 3913 928 3965 in
940 3930 992 3967 our
1005 3930 1100 3984 power
1107 3932 1115 3979 ι
1132 3922 1209 3979 next,
1221 3913 1286 3970 that
1296 3915 1349 3972 tho

241 3991 370 4041 crooture
385 3984 421 4040 be
437 4002 469 4040 so
485 3989 589 4059 caught
602 3991 665 4046 that
678 3992 716 4046 he
732 4002 835 4050 connot
851 4012 959 4068 escape.
995 3999 1060 4052 And
1074 3999 1113 4070 by
1124 3999 1182 4054 this
1198 3999 1298 4057 ruleis
1316 4006 1349 4058 to

240 4071 277 4127 bo
290 4071 408 4126 doeided
422 4070 471 4127 tho
483 4076 611 4143 question
625 4078 660 4130 of
672 4077 720 4132 tho
732 4079 802 4134 bour
817 4080 906 4135 which
921 4081 971 4136 fell
987 4084 1047 4138 into
1062 4084 1111 4139 the
1125 4101 1218 4140 snam.

298 4158 334 4211 V.
372 4157 440 4213 This
458 4159 482 4214 is
501 4159 550 4213 tho
564 4161 634 4225 rule,
651 4163 677 4216 if
696 4180 732 4218 no
752 4166 824 4219 Civil
844 4166 911 4220 Low
932 4168 1095 4224 intervene:
1114 4167 1160 4223 for
1177 4170 1281 4240 jurists
1298 4188 1351 4230 are

240 4241 325 4297 much
337 4243 475 4299 mistalren
490 4244 550 4300 who
569 4245 649 4300 think
665 4247 727 4303 that
744 4249 767 4304 it
780 4251 804 4305 ιι
823 4267 854 4306 ιο
870 4251 1017 4325 decidedly
1031 4254 1153 4308 Neturnl
1164 4255 1233 4310 Low
1248 4257 1315 4314 that
1326 4259 1351 4317 ιι

240 4334 343 4383 cannot
361 4329 397 4384 be
411 4330 547 4403 changed.
593 4332 621 4386 lt
635 4333 658 4387 is
671 4333 792 4389 Natural
810 4337 884 4402 Low,
899 4344 950 4394 not
964 4338 1074 4412 simply,
1089 4338 1140 4394 but
1156 4340 1187 4395 in
1201 4359 1221 4397 a
1236 4346 1350 4403 certain
