2866 4906
233 142 296 208 138
527 150 642 208 suum
662 149 845 207 Psuumo
867 149 1037 208 DUPLEX.
1223 151 1334 222 [iuml.

232 314 273 379 de
298 310 405 402 regnis
429 309 537 379 testati
565 310 723 400 leguntur,
755 303 810 378 bid
841 310 1114 378 commendationis
1138 312 1240 404 magis
1269 315 1334 383 rim

231 412 317 500 apud
345 411 492 500 populum
521 410 667 489 habebat,
689 433 783 499 quam
805 433 891 478 reroe
915 411 1117 479 alienationis.
1168 415 1274 501 Atque
1300 416 1334 484 id

233 512 273 578 de
290 511 404 578 Oarolo
420 509 580 599 speciatim
595 511 665 578 hdo
682 519 844 589 memorat,
870 510 1004 578 voluisse
1023 535 1093 579 eum
1111 520 1333 583 testamentum

233 634 323 679 suum
339 633 360 677 a
376 613 569 678 Francorum
592 610 790 699 optimatibus
813 610 998 678 confirmari.
1050 611 1158 678 Simile
1182 617 1332 704 estquod

234 712 319 798 apud
348 710 471 778 Livium
499 710 640 800 legimns,
666 712 789 799 Regem
811 711 1018 777 Macedonum
1046 712 1235 800 Philippum,
1261 738 1331 783 cum

235 812 355 878 Persea
371 833 392 877 a
406 832 506 900 reguo
521 831 640 888 arcere,
663 819 697 878 et
713 809 781 897 ejus
796 810 864 877 loeo
881 832 989 899 regem
1006 810 1111 878 iacere
1128 812 1224 881 vehet
1236 815 1331 882 Anti·

232 932 358 1000 gonum,
375 909 483 977 hatris
498 909 547 977 sui
562 909 671 988 lilium,
689 909 802 977 obiisse
817 910 1010 978 Macedonia
1026 911 1130 989 urbes,
1148 915 1202 980 cut
1217 914 1333 1002 prind-

230 1010 322 1100 pibes
338 1009 530 1100 Antigonum
546 1008 786 1078 commendaret.

302 1111 323 1177 2
358 1109 426 1176 Νοο
442 1109 527 1197 quod
541 1106 625 1175 idem
644 1107 697 1174 ille
713 1107 889 1176 Ludovieus
909 1111 1019 1178 urbem
1036 1112 1169 1179 Romam
1185 1113 1330 1181 Paschali

228 1208 372 1277 Pontifici
396 1207 568 1276 reddidisse
589 1207 731 1298 ¹legitur,
754 1207 797 1275 ad
811 1231 878 1275 rem
899 1209 984 1288 lacit,
1010 1232 1081 1281 eum
1098 1213 1211 1279 Franci
1232 1210 1329 1301 impe-

228 1308 311 1376 rium
333 1309 366 1376 in
387 1310 498 1377 urbem
518 1310 651 1376 Romam
675 1330 696 1374 a
717 1308 832 1397 populo
846 1310 989 1376 Romano
1006 1319 1176 1399 acceptum,
1193 1311 1329 1379 reddere

228 1409 353 1476 ¹eidem
369 1409 484 1497 populo
503 1417 590 1475 recte
610 1407 788 1495 potuerint:
812 1408 900 1496 cnjus
920 1410 1027 1498 populi
1050 1411 1140 1498 quasi
1163 1433 1328 1500 personam

227 1508 449 1586 sustinebatis,
467 1507 522 1596 qni
537 1507 631 1595 primi
646 1507 765 1574 ordinis
779 1507 926 1597 princeps
945 1519 1025 1580 erat.

298 1609 388 1676 XIV.
424 1607 517 1686 Quod
541 1615 646 1673 autem
669 1606 730 1672 huo
751 1629 849 1695 usque
870 1609 1051 1689 monuimus,
1078 1609 1327 1701 distinguendam

226 1728 295 1775 esse
310 1705 519 1775 summitatem
540 1705 664 1793 imperii
685 1706 726 1773 ab
750 1706 886 1774 habendi
903 1709 1104 1796 plenitudine,
1121 1709 1200 1778 adeo
1217 1734 1326 1779 rerum

225 1816 283 1885 est,
305 1816 426 1875 utnon
447 1806 540 1873 modo
561 1805 712 1894 pleraque
733 1805 864 1893 imperia
886 1829 1006 1875 summa
1028 1831 1090 1876 non
1114 1811 1206 1900 plene
1231 1811 1327 1880 habe-

223 1915 329 1985 antur,
353 1905 411 1974 sed
433 1915 466 1974 et
484 1907 583 1973 multa
602 1928 666 1972 non
682 1928 801 1973 summa
822 1906 998 1974 habeantur
1012 1909 1125 1997 plene:
1151 1932 1214 1998 qno
1237 1911 1274 1977 fit
1289 1920 1326 1980 ut

223 1999 476 2074 “marchionatus
492 2013 525 2074 et
541 2006 704 2074 mucltatus
717 2005 837 2073 facilins
853 2028 947 2096 quam
971 2030 1071 2100 regna
1092 2009 1185 2078 vendi
1207 2018 1240 2079 et
1263 2018 1325 2078 tes-

223 2115 363 2181 taurento
377 2105 511 2195 relinqui
526 2107 655 2176 soleant

265 2249 278 2286 θ
292 2250 326 2299 Id
333 2249 674 2311 comdctiosismcqissin
683 2249 751 2312 opud
796 2248 928 2314 msere]
943 2251 1006 2300 Vide
1016 2266 1067 2300 rem
1079 2253 1181 2300 simiiem
1188 2254 1253 2316 spud
1264 2255 1324 2303 Cas·

219 2327 334 2390 populeas
343 2324 457 2387 habebat]
473 2325 536 2373 Vide
547 2325 686 2387 capitulum
697 2338 748 2373 ιιι.
796 2326 1045 2376 secernuntur-111.
1056 2328 1127 2390 epist.
1136 2342 1176 2376 ιιι.
1188 2335 1214 2377 et
1221 2344 1324 2391 aequem

223 2407 356 2451 conventus
372 2402 404 2449 sd
425 2401 573 2449 Curisiacum
593 2400 638 2448 snb
659 2400 748 2448 Carolo
796 2402 870 2452 tibus.
900 2404 941 2451 lta
960 2409 1032 2465 psots
1052 2406 1208 2453 successionis
1232 2413 1323 2455 mntute

223 2479 308 2528 Calvo.
330 2477 636 2525 Hucreiertestsmsutum
647 2477 747 2536 Pelagii,
795 2477 860 2524 inter
884 2478 1008 2526 Sanctlnm
1028 2483 1054 2527 et
1075 2480 1193 2527 Jseobum
1213 2481 1323 2542 Arrsge-

221 2568 270 2615 qno
281 2552 421 2614 Hispaniam
432 2552 530 2612 reliquit
539 2552 643 2598 Alienae
657 2556 683 2599 et
698 2552 747 2598 Or·
795 2565 880 2599 neusse
896 2566 911 2597 s
926 2555 1065 2614 proceribus
1080 2555 1182 2603 firmata.
1213 2556 1322 2604 discisus

220 2629 336 2686 menindus,
352 2627 429 2688 [apud
444 2626 585 2682 Marianam
603 2626 663 2674 Ber.
674 2625 746 2685 Hisp.
794 2626 856 2672 libro
871 2640 921 2674 ιιι.
937 2627 995 2689 (cap
1006 2631 1045 2690 16)
1060 2635 1086 2678 et
1098 2631 1197 2678 hienrici
1208 2632 1321 2680 Nsrsrrse

223 2705 277 2754 Lib.
291 2716 337 2750 vn.
352 2715 404 2761 cap.
416 2699 442 2762 3]
458 2707 484 2748 st
498 2700 529 2748 de
542 2701 622 2747 Dsnis
636 2701 746 2761 quaedem
793 2703 858 2763 regis
885 2702 1076 2764 [testamentum
1102 2705 1161 2767 quc]
1185 2707 1321 2754 Johannam

219 2779 285 2841 apud
301 2778 428 2824 Suoum.
458 2775 544 2836 Neque
557 2776 644 2822 mirum
662 2776 746 2836 igitur,
793 2777 1028 2827 institnitheredem.
1051 2782 1120 2827 Idem
1135 2782 1245 2829 Moriens
1258 2783 1321 2830 hiero

219 2855 328 2916 quaedam
339 2855 483 2900 tutamento
493 2851 645 2912 improbante
655 2851 745 2911 populo
793 2864 855 2898 ιιιι.
874 2853 937 2912 (esp.
949 2852 991 2913 22)
1002 2858 1028 2900 st
1038 2855 1148 2901 lsahelloe
1159 2858 1249 2917 reginae
1261 2859 1321 2905 Ces·

218 2930 292 2978 {niue
302 2929 412 2985 irritant
421 2926 518 2974 Aliensi
528 2926 666 2986 Arragonit.
682 2926 745 2973 Vide
793 2926 866 2973 tella.
885 2927 952 2973 Idem
964 2927 1026 2974 libro
1036 2942 1134 2975 uren.
1146 2930 1210 2992 (esp.
1223 2935 1259 2989 11,
1270 2933 1320 2994 12.)

217 3004 353 3053 Marianam
370 3002 432 3049 libro
447 3014 475 3048 ι.
500 3002 565 3061 (esp.
581 3002 618 3059 16,
634 3000 681 3060 16.)
711 3001 745 3048 lit
838 3000 955 3047 ¹Prseter
974 3015 1010 3059 ea,
1030 3016 1084 3063 quse
1105 3004 1167 3050 hece
1185 3006 1320 3054 obsemrie

218 3077 317 3130 Aliensi
331 3077 496 3138 Legiousnsis,
511 3089 566 3122 eum
583 3077 604 3122 is
619 3075 680 3122 tilios
694 3075 745 3122 filio
793 3076 936 3133 Gronovius,
957 3091 1006 3123 non
1024 3082 1105 3138 potest
1122 3078 1168 3124 diei
1183 3078 1320 3128 Ludorieus

217 3154 372 3218 praetulisset.
403 3152 472 3200 Idem
489 3151 599 3198 Mariana
614 3150 676 3199 libro
693 3163 743 3201 ιιι.
792 3152 850 3199 Pina
861 3151 1001 3212 reddidisse,
1013 3153 1079 3213 quod
1092 3167 1223 3214 numquam
1234 3154 1319 3202 Ponti.

218 3232 292 3296 (cap.
305 3229 355 3292 15),
738 3243 746 3265 ι
791 3227 847 3274 lices
854 3227 957 3274 Romani
967 3227 1108 3286 habuerant,
1113 3228 1170 3289 jure
1176 3229 1267 3276 seilicet
1273 3230 1319 3276 im.

258 3316 270 3346 c
295 3309 329 3359 Ut
342 3305 495 3372 perimpium
514 3302 657 3366 Antigonam
681 3316 743 3351 cora·
791 3303 852 3365 peril
865 3303 960 3364 summi,
977 3303 1008 3350 de
1024 3317 1072 3366 quo
1088 3304 1177 3367 agitur.
1206 3304 1318 3355 Diximus

215 3505 394 3577 accordingly
406 3504 608 3576 cherlemagne
626 3503 737 3559 desired
751 3508 781 3558 ιο
798 3502 869 3558 heve
881 3502 925 3559 his
942 3506 1095 3559 testament
1108 3501 1262 3556 confirmed
1278 3502 1318 3574 by

215 3592 265 3647 the
282 3589 421 3645 Frenkish
437 3591 545 3646 nobles.
592 3590 630 3644 So
648 3589 753 3661 Philip,
769 3589 838 3661 king
857 3589 890 3645 of
903 3590 1051 3655 Macedon,
1066 3587 1250 3644 commended
1272 3588 1316 3644 his

214 3677 333 3750 nephec
344 3692 375 3731 ss
386 3676 455 3748 king
466 3681 496 3731 ιο
508 3676 558 3730 the
569 3675 647 3731 eities
656 3675 690 3730 oi
697 3674 872 3730 Macedonis.

267 3770 285 3819 2
311 3761 397 3817 laeuis
411 3763 550 3834 restoring
563 3761 612 3816 the
627 3761 684 3834 city
698 3761 732 3816 οι·
743 3762 835 3816 Rome
847 3767 877 3816 ιο
891 3760 971 3832 Pope
985 3759 1106 3816 Peschal
1119 3761 1143 3815 is
1157 3767 1208 3816 not
1223 3767 1254 3816 ιο
1266 3760 1316 3817 the

213 3848 309 3923 point;
326 3848 372 3903 ior
383 3847 432 3903 the
443 3848 552 3903 Frenis
565 3847 654 3919 might
663 3847 795 3919 properly
804 3853 910 3902 restore
918 3853 949 3902 to
960 3849 1009 3903 the
1018 3848 1130 3902 Roman
1138 3849 1240 3920 people
1251 3847 1316 3904 that

213 3935 357 4007 authority
374 3950 442 3990 orer
457 3933 507 3989 the
525 3935 583 4006 city
601 3933 635 3989 of
651 3935 742 3987 Rome
761 3931 851 3988 which
869 3931 937 4004 they
952 3932 1008 3987 had
1027 3934 1155 3989 received
1173 3934 1247 3989 from
1265 3933 1315 3990 tho

212 4023 324 4078 Roman
338 4020 455 4094 peoplo;
472 4020 529 4076 and
548 4020 597 4076 the
618 4020 698 4090 Pope
716 4019 805 4091 might
824 4019 861 4074 be
880 4019 1045 4075 considered
1067 4036 1098 4075 ss
1120 4021 1315 4093 representing

212 4108 263 4166 the
273 4107 384 4180 people.

265 4194 347 4252 XIV.
385 4192 470 4250 Some
479 4208 587 4266 powers
598 4190 685 4248 lower
695 4191 766 4248 than
777 4191 954 4265 sorereignty
965 4207 1014 4248 are
1024 4191 1090 4248 held
1099 4194 1180 4266 picco
1186 4195 1268 4267 jure.-
1282 4209 1314 4252 aa

211 4280 404 4354 marqtusew,
422 4279 556 4345 oounties,
577 4278 715 4342 baronias,
735 4296 785 4335 are
807 4279 878 4344 sold,
899 4278 1085 4351 bequeathed,
1108 4296 1141 4336 or
1165 4280 1313 4338 otherwise

210 4368 360 4435 adenstad,
374 4367 460 4426 much
474 4383 553 4424 more
564 4365 723 4442 commonly
734 4365 804 4424 than
815 4364 972 4439 kingdoms.
