2866 4906
250 232 313 299 194
549 241 602 296 DE
623 238 749 295 BELLO
772 238 1028 296 SUBDITORUM
1236 234 1310 306 [hm.
1324 238 1348 294 1.

85 441 206 488 cetea
248 405 366 473 cuneus
387 405 441 494 jus
465 428 524 495 pro
550 407 655 494 quiete
680 404 834 472 communi
860 403 1042 471 exercenda
1068 403 1199 491 publicat
1224 402 1350 470 ultionis

82 485 402 580 &attinentium
424 514 481 572 ct.

324 605 431 671 XVII.
483 604 573 671 Idem
591 627 659 670 cnm
681 602 859 680 Plutarcho,
876 602 929 688 qui
951 602 996 669 ita
1012 603 1106 669 sentit
1122 603 1201 668 libro
1227 603 1267 667 de
1284 602 1350 668 fato

169 711 176 722 '
247 704 289 771 ad
312 703 465 780 Pisonem,
491 703 689 770 statuendum
715 724 833 779 censeo,
853 702 879 768 si
898 712 971 768 aute
992 701 1180 769 iuvasionem
1202 702 1253 767 lex
1272 703 1351 789 pub-

247 803 306 870 lice
323 802 487 880 exstiterit,
511 824 581 889 quae
601 802 764 889 unicuique
789 810 974 888 potestatem
996 801 1071 867 facit
1089 800 1247 867 occidendi
1267 823 1349 876 eum,

247 901 302 989 qui
320 902 379 968 hoc
395 910 451 968 aut
471 901 557 978 illud,
579 902 662 988 quod
679 901 712 966 in
729 910 888 988 aspectum
906 901 998 978 cadit,
1019 923 1112 966 ausus
1132 900 1245 976 suerit:
1273 910 1350 986 puta

247 1000 301 1087 qui
323 1000 465 1089 privatus
489 1001 667 1067 satellitium
694 1000 754 1066 sibi
780 999 1026 1076 circumdederit,
1052 1020 1155 1065 arcem
1179 999 1349 1066 invaserit:

247 1100 301 1187 qui
328 1098 426 1164 civem
449 1099 670 1176 indemnatum,
701 1109 840 1166 autnon
866 1098 1005 1188 legitimo
1027 1097 1143 1186 judicio
1169 1097 1349 1165 necaverit:

247 1197 301 1285 qui
327 1197 527 1287 magistratus
550 1198 616 1264 sine
636 1199 729 1286 justis
752 1199 908 1288 suffragiis
935 1200 1096 1264 creaverit.
1148 1199 1240 1262 Tales
1262 1198 1350 1287 leges

247 1297 352 1364 multa
370 1298 533 1365 exstabant
557 1297 590 1363 in
608 1297 738 1365 Graeciae
754 1297 940 1375 civitatibus,
962 1297 1016 1363 nbi
1030 1296 1161 1382 proinde
1172 1296 1259 1383 justa
1275 1319 1347 1362 cen-

247 1397 344 1463 senda
359 1396 419 1463 iuit
435 1397 543 1463 talium
560 1406 766 1486 tyrannorum
786 1396 969 1463 interfectio.
1022 1396 1110 1461 Talis
1126 1404 1195 1461 erat
1215 1395 1349 1461 Athenis

247 1496 299 1561 lex
325 1494 447 1562 Solonis
478 1497 645 1563 ‘'renovata
668 1507 740 1584 post
763 1496 898 1562 reditum
921 1518 961 1561 ex
988 1496 1108 1561 Piraeeo
1136 1493 1168 1559 in
1198 1515 1260 1570 eos,
1295 1495 1350 1581 qui

247 1603 363 1662 statum
385 1595 566 1682 popularem
588 1596 791 1671 sustulissent,
814 1604 870 1661 aut
886 1617 923 1660 eo
940 1595 1061 1660 subluto
1083 1595 1216 1659 honores
1238 1596 1350 1680 gessis-

247 1702 326 1761 sent.
377 1695 425 1760 Ut
447 1701 480 1760 et
500 1695 610 1759 Romae
631 1695 701 1759 ⁰lex
720 1694 858 1771 Valeria,
878 1694 905 1759 si
927 1693 995 1781 quis
1013 1693 1130 1780 injussu
1153 1692 1259 1780 populi
1284 1715 1351 1759 ma·

247 1792 414 1881 gistratum
435 1803 581 1882 gereret:
609 1802 642 1860 et
659 1795 712 1858 lex
736 1792 904 1859 consularis
929 1801 999 1879 post
1023 1792 1228 1859 decemvirale
1250 1792 1350 1880 impe-

247 1891 338 1969 rium,
369 1891 505 1978 nequis
537 1890 753 1980 magistratum
782 1890 849 1958 sine
874 1891 1092 1979 provocatione
1119 1899 1260 1958 crearet:
1295 1892 1350 1978 qui

247 2000 392 2068 creasset,
416 2013 486 2057 enm
507 1991 560 2079 jus
584 1991 693 2079 fasque
718 2001 799 2057 esset
824 1992 929 2058 occidi

317 2091 442 2159 XVIII.
484 2091 553 2156 Nec
573 2090 673 2156 miuus
699 2090 803 2157 licebit
823 2091 997 2156 invasorem
1018 2090 1139 2176 imperii
1160 2091 1346 2167 interficere,

247 2189 275 2256 si
296 2188 414 2256 diserta
438 2188 607 2256 auctoritas
632 2190 760 2256 accedat
787 2188 862 2276 ejus,
889 2190 942 2276 qui
963 2188 1017 2276 jus
1041 2213 1147 2256 verum
1173 2190 1347 2278 imperandi

291 2356 448 2417 ⁸Reperltua·
464 2357 504 2403 lex
514 2357 560 2403 'Illa
574 2357 638 2418 apud
655 2360 773 2406 Arucci-
822 2357 1003 2415 mejudicium
1022 2359 1092 2404 telem
1104 2358 1222 2418 pernrittit
1237 2358 1347 2418 interfici.

246 2444 312 2489 ears,
324 2431 394 2480 Orat.
405 2445 423 2479 1.
435 2445 490 2493 pag.
501 2432 554 2491 219,
565 2434 618 2480 220.
643 2431 774 2480 acedia·
823 2432 1024 2494 [Pag.1t)3u,c.
1056 2433 1118 2479 Vide
1128 2433 1209 2493 potius
1219 2433 1347 2479 Dionnu-

246 2521 297 2554 wee.
327 2507 357 2553 J.
367 2507 399 2555 B.
820 2506 1288 2566 lIcarnass.Ant.Rom.Lib.v.c.19.J

290 2589 303 2614 ⁰
316 2580 369 2627 Lea
395 2580 504 2640 Valeria]
524 2581 669 2628 Plutarchus
686 2581 773 2627 Publi·
865 2581 876 2609 ⁶
891 2582 1012 2628 Favonius
1021 2583 1062 2627 ille
1075 2588 1126 2628 erut
1136 2583 1225 2628 amicus
1236 2582 1314 2640 Bruti,
1322 2588 1347 2630 et

246 2657 301 2703 colu
323 2656 393 2716 (pag.
413 2655 483 2714 110):
504 2655 563 2702 doro
582 2656 686 2713 κρίσεως
705 2656 773 2702 erel—
821 2657 911 2702 dictum
932 2657 996 2703 istud
1016 2658 1120 2704 refertur
1140 2671 1155 2702 a
1178 2658 1346 2716 Puurauuno,

246 2731 658 2791 νειντὸνβονλόμενοντυραννσῖν.
694 2732 772 2778 Utin-
825 2729 869 2777 Vst.
880 2732 918 2779 M.
930 2733 1000 2778 Brut.
1011 2746 1068 2793 pag.
1078 2733 1123 2781 989
1133 2746 1156 2779 Δ.
1180 2732 1207 2779 J.
1219 2733 1253 2780 B.

239 2806 772 2866 jndicctumoccidereeumliceretqaidomi-
864 2813 878 2846 1‘
911 2807 1045 2866 Qrunnam
1079 2806 1198 2853 Nabidem
1234 2809 1346 2868 relinqui]

245 2885 327 2926 autum
336 2879 515 2939 complerent.
542 2879 602 2925 Mox
613 2880 695 2925 addit:
711 2879 773 2925 strar
822 2881 893 2936 Quod
907 2881 1051 2927 Plutarchus
1062 2881 1087 2926 in
1099 2882 1129 2927 Τ.
1140 2881 1233 2936 QuintiI
1248 2884 1299 2928 wita
1312 2883 1345 2929 sic

222 2996 227 3004 ,
245 2954 387 3013 lwtxrtpoin
397 2957 528 3012 τυραννεῖν
537 2952 773 3012 aeternitaliter:
820 2956 938 3015 explicat:
957 2955 989 3001 ὥς
1006 2955 1070 3014 ἑώρα
1089 2958 1134 3002 σὺν
1153 2958 1223 3017 κακῷ
1240 2956 1344 3018 μεγάλῳ

245 3026 293 3081 τήν
302 3026 371 3080 δίκην
380 3025 532 3083 trutinae,
542 3025 556 3073 ὁ
567 3027 592 3072 δὲ
607 3028 772 3087 neptabin:
819 3034 871 3077 τῶν
888 3031 976 3077 ἄλλων
992 3032 1160 3088 Σπαρτιανιὸν
1176 3030 1345 3090 ἀπολούμενον

246 3101 287 3148 xal
307 3102 360 3161 πρὸ
377 3103 424 3156 ‘rtis
441 3101 545 3161 spicere:
561 3102 662 3149 ἀνελεῖν
679 3103 771 3150 δίδωσι.
819 3106 866 3151 τὸν
880 3107 1010 3165 τύραννον.
1042 3104 1344 3167 &mowenheimensi

246 3177 319 3224 Solen
330 3176 565 3237 &paiderwinutam
578 3178 678 3235 inuadit,
689 3179 773 3238 depre-
819 3181 923 3227 aliorum
942 3181 1064 3227 Laconum
1080 3182 1142 3227 mule
1160 3197 1207 3227 noa
1223 3197 1295 3241 pom
1309 3187 1345 3242 ty·

245 3251 772 3309 hemodiemdicicalt,aePutlicolarticm
820 3269 919 3302 reanum
939 3255 1036 3302 desem.
1063 3256 1140 3317 (Peg.
1157 3256 1202 3304 376
1219 3256 1258 3316 s.)
1289 3256 1345 3304 Nou

243 3464 315 3528 mia,
327 3479 390 3535 says
404 3463 569 3526 Tertulliau,
583 3480 658 3533 every
672 3481 738 3516 saca
752 3465 775 3517 ie
792 3481 811 3517 a
828 3464 933 3518 schim.
972 3465 1010 3519 So
1026 3481 1110 3535 every
1124 3480 1179 3518 oue
1193 3464 1216 3518 is
1228 3462 1344 3519 allowed

243 3554 274 3602 to
289 3548 326 3601 do
336 3549 440 3618 justice
454 3565 492 3602 on
507 3548 588 3603 those
599 3548 661 3602 who
675 3549 768 3603 desert
783 3549 831 3603 the
846 3566 933 3621 army.

297 3633 393 3686 XVII.
431 3632 492 3687 The
503 3649 580 3687 same
595 3650 659 3703 may
673 3633 709 3686 be
724 3640 787 3687 true
805 3635 835 3687 in
853 3636 943 3689 virtue
958 3635 991 3689 of
1002 3652 1020 3688 a
1033 3636 1095 3700 law,
1113 3636 1233 3706 existiug
1247 3635 1345 3691 before

243 3715 293 3771 the
305 3717 477 3788 usurpation‚
490 3716 580 3771 which
594 3734 665 3788 gave
679 3735 763 3789 every
776 3736 829 3773 one
842 3720 891 3774 the
901 3720 978 3790 right
993 3720 1025 3773 of
1037 3721 1136 3791 killmg
1148 3721 1209 3774 him
1220 3721 1283 3775 who
1297 3719 1345 3775 did

203 3801 207 3809 '
243 3802 300 3855 :his
315 3818 347 3856 or
361 3802 424 3856 that
438 3802 536 3857 before
550 3803 593 3856 his
608 3820 689 3874 eyes:
712 3804 757 3858 for
774 3807 908 3870 instance,
922 3807 1097 3860 surrounsled
1113 3807 1229 3860 himself
1245 3806 1312 3861 with
1328 3822 1345 3860 s

243 3887 429 3958 body-guard,
443 3887 533 3942 seized
548 3904 566 3941 a
581 3888 646 3953 fort,
662 3895 713 3960 put
727 3907 745 3943 a
758 3907 860 3961 person
875 3898 905 3945 to
920 3890 1007 3944 death
1021 3892 1139 3947 without
1157 3893 1253 3946 lawful
1264 3892 1345 3962 judg·

242 3978 331 4037 ment,
351 3973 435 4028 made
461 3974 637 4045 magistrates
663 3975 781 4031 without
808 3977 857 4031 the
887 3975 1000 4047 regular
1028 3977 1133 4033 ch0Ice.
1181 3977 1259 4032 Such
1281 3978 1345 4032 lawe

243 4058 350 4113 existed
364 4066 395 4112 at
408 4058 515 4114 Athene
530 4060 585 4113 and
600 4062 699 4115 Rome.

297 4144 409 4198 XVIII.
460 4145 502 4198 To
523 4144 575 4198 kill
600 4147 650 4201 the
676 4164 794 4218 usurper
816 4147 870 4201 will
892 4148 928 4201 he
950 4147 1045 4201 lawful
1067 4149 1112 4203 sor
1133 4166 1188 4204 one
1210 4149 1275 4204 who
1296 4148 1347 4204 hes

243 4229 387 4301 authority
404 4229 479 4284 from
496 4230 546 4285 the
563 4231 718 4302 legitimate
733 4249 843 4304 power:
863 4234 919 4287 and
934 4233 1018 4304 along
1036 4235 1103 4289 with
1121 4235 1191 4289 euch
1210 4253 1253 4290 we
1271 4238 1347 4289 must

242 4316 348 4371 reckon
361 4315 411 4370 the
424 4316 574 4386 guardIaus
589 4317 623 4373 oi
633 4318 713 4389 royul
730 4320 829 4385 wards,
844 4336 874 4374 as
889 4319 1027 4374 Jchoiada
1043 4337 1097 4374 was
1113 4328 1142 4375 to
1154 4320 1254 4387 Joash,
1266 4321 1347 4377 when

242 4400 311 4475 they
324 4407 377 4474 put
390 4401 472 4458 down
486 4401 628 4469 Atheliah,
643 4409 660 4457 2
675 4403 779 4460 (thren.
793 4406 866 4460 xxiii.
