<?xml version="1.0" encoding="UTF-8"?>
<!DOCTYPE html PUBLIC "-//W3C//DTD XHTML 1.0 Transitional//EN"
    "http://www.w3.org/TR/xhtml1/DTD/xhtml1-transitional.dtd">
<html xmlns="http://www.w3.org/1999/xhtml" xml:lang="en" lang="en">
 <head>
  <title>
</title>
<meta http-equiv="Content-Type" content="text/html;charset=utf-8" />
  <meta name='ocr-system' content='tesseract 3.04.00' />
  <meta name='ocr-capabilities' content='ocr_page ocr_carea ocr_par ocr_line ocrx_word'/>
</head>
<body>
  <div class='ocr_page' id='page_1' title='image "./hugonisgrotiide00barbgoog/hugonisgrotiide00barbgoog_0393.png"; bbox 0 0 2866 4906; ppageno 0'>
   <div class='ocr_carea' id='block_1_1' title="bbox 78 889 160 931">
    <p class='ocr_par' dir='ltr' id='par_1_1' title="bbox 78 889 160 931">
     <span class='ocr_line' id='line_1_1' title="bbox 78 889 160 931; baseline 0.012 -2"><span class='ocrx_word' id='word_1_1' title='bbox 78 889 160 931; x_wconf 68' lang='lat' dir='ltr'><strong>area.</strong></span> 
     </span>
    </p>
   </div>
   <div class='ocr_carea' id='block_1_2' title="bbox 79 1141 146 1183">
    <p class='ocr_par' dir='ltr' id='par_1_2' title="bbox 79 1141 146 1183">
     <span class='ocr_line' id='line_1_2' title="bbox 79 1141 146 1183; baseline 0 -1"><span class='ocrx_word' id='word_1_2' title='bbox 79 1141 146 1183; x_wconf 77' lang='lat' dir='ltr'><strong>vtio.</strong></span> 
     </span>
    </p>
   </div>
   <div class='ocr_carea' id='block_1_3' title="bbox 242 181 1342 261">
    <p class='ocr_par' dir='ltr' id='par_1_3' title="bbox 242 181 1342 261">
     <span class='ocr_line' id='line_1_3' title="bbox 242 181 1342 261; baseline 0.003 -13"><span class='ocrx_word' id='word_1_3' title='bbox 242 181 308 248; x_wconf 80' lang='lat'><strong>322</strong></span> <span class='ocrx_word' id='word_1_4' title='bbox 489 189 542 245; x_wconf 82' lang='lat' dir='ltr'><strong>DE</strong></span> <span class='ocrx_word' id='word_1_5' title='bbox 563 187 839 255; x_wconf 71' lang='lat' dir='ltr'><strong>tcumsmorta</strong></span> <span class='ocrx_word' id='word_1_6' title='bbox 862 191 1092 248; x_wconf 70' lang='lat' dir='ltr'><strong>ostentasti</strong></span> <span class='ocrx_word' id='word_1_7' title='bbox 1214 192 1342 261; x_wconf 69' lang='lat' dir='ltr'><strong>[mela</strong></span> 
     </span>
    </p>
   </div>
   <div class='ocr_carea' id='block_1_4' title="bbox 242 352 1345 744">
    <p class='ocr_par' dir='ltr' id='par_1_4' title="bbox 242 352 1345 443">
     <span class='ocr_line' id='line_1_4' title="bbox 242 352 1345 443; baseline 0.005 -24"><span class='ocrx_word' id='word_1_8' title='bbox 242 353 397 421; x_wconf 85' lang='lat' dir='ltr'><strong>menium:</strong></span> <span class='ocrx_word' id='word_1_9' title='bbox 422 353 505 441; x_wconf 89' lang='lat' dir='ltr'><strong>qnod</strong></span> <span class='ocrx_word' id='word_1_10' title='bbox 530 352 642 419; x_wconf 89' lang='lat' dir='ltr'><strong>deinde</strong></span> <span class='ocrx_word' id='word_1_11' title='bbox 666 352 837 420; x_wconf 78' lang='lat' dir='ltr'><strong>imitatione</strong></span> <span class='ocrx_word' id='word_1_12' title='bbox 864 355 998 441; x_wconf 87' lang='lat' dir='ltr'><strong>quadam</strong></span> <span class='ocrx_word' id='word_1_13' title='bbox 1021 356 1062 421; x_wconf 89' lang='lat' dir='ltr'><strong>ad</strong></span> <span class='ocrx_word' id='word_1_14' title='bbox 1088 355 1166 421; x_wconf 84' lang='lat' dir='ltr'><strong>alias</strong></span> <span class='ocrx_word' id='word_1_15' title='bbox 1190 378 1345 443; x_wconf 78' lang='lat' dir='ltr'><strong>personas</strong></span> 
     </span>
    </p>

    <p class='ocr_par' dir='ltr' id='par_1_5' title="bbox 243 452 1345 543">
     <span class='ocr_line' id='line_1_5' title="bbox 243 452 1345 543; baseline 0.004 -23"><span class='ocrx_word' id='word_1_16' title='bbox 243 454 376 543; x_wconf 87' lang='lat' dir='ltr'><strong>disparis</strong></span> <span class='ocrx_word' id='word_1_17' title='bbox 397 452 554 540; x_wconf 78' lang='lat' dir='ltr'><strong>qualitatis</strong></span> <span class='ocrx_word' id='word_1_18' title='bbox 576 452 760 539; x_wconf 88' lang='lat' dir='ltr'><strong>productum</strong></span> <span class='ocrx_word' id='word_1_19' title='bbox 781 463 849 519; x_wconf 89' lang='lat' dir='ltr'><strong>est:</strong></span> <span class='ocrx_word' id='word_1_20' title='bbox 874 464 910 519; x_wconf 92' lang='lat' dir='ltr'><strong>ut</strong></span> <span class='ocrx_word' id='word_1_21' title='bbox 929 455 1066 520; x_wconf 89' lang='lat' dir='ltr'><strong>Athenis</strong></span> <span class='ocrx_word' id='word_1_22' title='bbox 1087 455 1289 522; x_wconf 78' lang='lat' dir='ltr'><strong>intercisam</strong></span> <span class='ocrx_word' id='word_1_23' title='bbox 1311 465 1345 524; x_wconf 86' lang='lat' dir='ltr'><strong>et</strong></span> 
     </span>
    </p>

    <p class='ocr_par' dir='ltr' id='par_1_6' title="bbox 243 551 1288 744">
     <span class='ocr_line' id='line_1_6' title="bbox 243 551 1288 642; baseline 0.001 -24"><span class='ocrx_word' id='word_1_24' title='bbox 243 553 450 642; x_wconf 75' lang='lat' dir='ltr'><strong>peregrinam,</strong></span> <span class='ocrx_word' id='word_1_25' title='bbox 467 552 551 618; x_wconf 90' lang='lat' dir='ltr'><strong>unde</strong></span> <span class='ocrx_word' id='word_1_26' title='bbox 569 551 695 617; x_wconf 81' lang='lat' dir='ltr'><strong>Servius</strong></span> <span class='ocrx_word' id='word_1_27' title='bbox 711 551 753 617; x_wconf 89' lang='lat' dir='ltr'><strong>ed</strong></span> <span class='ocrx_word' id='word_1_28' title='bbox 769 552 845 618; x_wconf 92' lang='lat' dir='ltr'><strong>illud</strong></span> <span class='ocrx_word' id='word_1_29' title='bbox 862 553 986 641; x_wconf 84' lang='lat' dir='ltr'><strong>Virgilii</strong></span> <span class='ocrx_word' id='word_1_30' title='bbox 1002 556 1097 638; x_wconf 78' lang='lat' dir='ltr'><strong>(AEa</strong></span> <span class='ocrx_word' id='word_1_31' title='bbox 1117 557 1288 639; x_wconf 79' lang='lat' dir='ltr'>v11.284):</span> 
     </span>
     <span class='ocr_line' id='line_1_7' title="bbox 459 671 1139 744; baseline 0.003 -17"><span class='ocrx_word' id='word_1_32' title='bbox 459 672 624 744; x_wconf 81' lang='lat' dir='ltr'><strong>Suppositos</strong></span> <span class='ocrx_word' id='word_1_33' title='bbox 639 671 675 726; x_wconf 90' lang='lat' dir='ltr'><strong>de</strong></span> <span class='ocrx_word' id='word_1_34' title='bbox 689 678 779 727; x_wconf 87' lang='lat' dir='ltr'><strong>matre</strong></span> <span class='ocrx_word' id='word_1_35' title='bbox 793 671 896 728; x_wconf 89' lang='lat' dir='ltr'><strong>nothos</strong></span> <span class='ocrx_word' id='word_1_36' title='bbox 910 672 1005 728; x_wconf 82' lang='lat' dir='ltr'><strong>furata</strong></span> <span class='ocrx_word' id='word_1_37' title='bbox 1019 675 1139 729; x_wconf 74' lang='lat' dir='ltr'><strong>crearitc</strong></span> 
     </span>
    </p>
   </div>
   <div class='ocr_carea' id='block_1_5' title="bbox 241 767 1343 1062">
    <p class='ocr_par' dir='ltr' id='par_1_7' title="bbox 241 767 1343 1062">
     <span class='ocr_line' id='line_1_8' title="bbox 241 767 1342 859; baseline 0.001 -22"><span class='ocrx_word' id='word_1_38' title='bbox 241 767 365 838; x_wconf 83' lang='lat' dir='ltr'><strong>Nothos</strong></span> <span class='ocrx_word' id='word_1_39' title='bbox 390 770 616 858; x_wconf 89' lang='lat' dir='ltr'><strong>interpretatur</strong></span> <span class='ocrx_word' id='word_1_40' title='bbox 644 777 785 835; x_wconf 86' lang='lat' dir='ltr'><strong>materno</strong></span> <span class='ocrx_word' id='word_1_41' title='bbox 808 791 925 858; x_wconf 85' lang='lat' dir='ltr'><strong>genere</strong></span> <span class='ocrx_word' id='word_1_42' title='bbox 948 771 1100 859; x_wconf 88' lang='lat' dir='ltr'><strong>ignobiles</strong></span> <span class='ocrx_word' id='word_1_43' title='bbox 1124 780 1157 838; x_wconf 93' lang='lat' dir='ltr'><strong>et</strong></span> <span class='ocrx_word' id='word_1_44' title='bbox 1184 772 1342 838; x_wconf 87' lang='lat' dir='ltr'><strong>obscuros.</strong></span> 
     </span>
     <span class='ocr_line' id='line_1_9' title="bbox 241 866 1342 963; baseline 0.002 -25"><span class='ocrx_word' id='word_1_45' title='bbox 241 870 336 958; x_wconf 83' lang='lat' dir='ltr'>Apud</span> <span class='ocrx_word' id='word_1_46' title='bbox 354 869 593 957; x_wconf 80' lang='lat' dir='ltr'><strong>Aristophanem</strong></span> <span class='ocrx_word' id='word_1_47' title='bbox 617 870 742 934; x_wconf 80' lang='lat' dir='ltr'><strong>Avibus</strong></span> <span class='ocrx_word' id='word_1_48' title='bbox 764 868 817 955; x_wconf 87' lang='lat' dir='ltr'><strong>qui</strong></span> <span class='ocrx_word' id='word_1_49' title='bbox 844 869 978 947; x_wconf 78' lang='lat' dir='ltr'><strong>dixerat,</strong></span> <span class='ocrx_word' id='word_1_50' title='bbox 1005 866 1095 943; x_wconf 82' lang='grc' dir='ltr'>νόθος</span> <span class='ocrx_word' id='word_1_51' title='bbox 1119 867 1191 963; x_wconf 63' lang='grc' dir='ltr'><strong>’γὰρ</strong></span> <span class='ocrx_word' id='word_1_52' title='bbox 1216 871 1255 949; x_wconf 81' lang='lat' dir='ltr'><strong>si,</strong></span> <span class='ocrx_word' id='word_1_53' title='bbox 1284 867 1342 941; x_wconf 77' lang='lat' dir='ltr'><strong>nori</strong></span> 
     </span>
     <span class='ocr_line' id='line_1_10' title="bbox 241 960 1343 1062; baseline -0.003 -22"><span class='ocrx_word' id='word_1_54' title='bbox 241 966 386 1062; x_wconf 71' lang='grc' dir='ltr'>γνήσιος,</span> <span class='ocrx_word' id='word_1_55' title='bbox 401 969 518 1035; x_wconf 85' lang='lat' dir='ltr'><strong>dietum</strong></span> <span class='ocrx_word' id='word_1_56' title='bbox 535 968 649 1054; x_wconf 78' lang='lat' dir='ltr'><strong>probat</strong></span> <span class='ocrx_word' id='word_1_57' title='bbox 663 960 708 1034; x_wconf 80' lang='grc' dir='ltr'><strong>ὤν</strong></span> <span class='ocrx_word' id='word_1_58' title='bbox 724 995 769 1057; x_wconf 70' lang='grc' dir='ltr'><strong>γε</strong></span> <span class='ocrx_word' id='word_1_59' title='bbox 785 963 876 1056; x_wconf 71' lang='grc' dir='ltr'>ξένης</span> <span class='ocrx_word' id='word_1_60' title='bbox 889 965 1059 1058; x_wconf 57' lang='lat' dir='ltr'><strong>vacuanda:</strong></span> <span class='ocrx_word' id='word_1_61' title='bbox 1077 973 1196 1058; x_wconf 68' lang='lat' dir='ltr'><strong>qut‘grpe</strong></span> <span class='ocrx_word' id='word_1_62' title='bbox 1212 993 1286 1037; x_wconf 80' lang='lat' dir='ltr'><strong>cum</strong></span> <span class='ocrx_word' id='word_1_63' title='bbox 1303 993 1343 1037; x_wconf 72' lang='lat' dir='ltr'><strong>aa</strong></span> 
     </span>
    </p>
   </div>
   <div class='ocr_carea' id='block_1_6' title="bbox 82 1061 1343 1158">
    <p class='ocr_par' dir='ltr' id='par_1_8' title="bbox 82 1061 1343 1158">
     <span class='ocr_line' id='line_1_11' title="bbox 82 1061 1343 1158; baseline 0.001 -26"><span class='ocrx_word' id='word_1_64' title='bbox 82 1094 198 1138; x_wconf 62' lang='lat' dir='ltr'><strong>rmum</strong></span> <span class='ocrx_word' id='word_1_65' title='bbox 235 1071 417 1158; x_wconf 66' lang='lat' dir='ltr'><strong>personina</strong></span> <span class='ocrx_word' id='word_1_66' title='bbox 435 1079 534 1133; x_wconf 78' lang='lat' dir='ltr'><strong>natos</strong></span> <span class='ocrx_word' id='word_1_67' title='bbox 550 1068 603 1132; x_wconf 81' lang='lat' dir='ltr'><strong>ait.</strong></span> <span class='ocrx_word' id='word_1_68' title='bbox 649 1067 694 1130; x_wconf 87' lang='lat' dir='ltr'><strong>Et</strong></span> <span class='ocrx_word' id='word_1_69' title='bbox 715 1066 799 1153; x_wconf 86' lang='lat' dir='ltr'><strong>apud</strong></span> <span class='ocrx_word' id='word_1_70' title='bbox 815 1067 975 1132; x_wconf 85' lang='lat' dir='ltr'><strong>AElianum</strong></span> <span class='ocrx_word' id='word_1_71' title='bbox 993 1061 1128 1157; x_wconf 74' lang='grc' dir='ltr'>γνήσιος</span> <span class='ocrx_word' id='word_1_72' title='bbox 1145 1061 1343 1143; x_wconf 69' lang='lat' dir='ltr'><strong>definitur&amp;</strong></span> 
     </span>
    </p>
   </div>
   <div class='ocr_carea' id='block_1_7' title="bbox 239 1160 1343 1933">
    <p class='ocr_par' dir='ltr' id='par_1_9' title="bbox 242 1160 1340 1263">
     <span class='ocr_line' id='line_1_12' title="bbox 242 1160 1340 1263; baseline -0.004 -26"><span class='ocrx_word' id='word_1_73' title='bbox 242 1167 279 1260; x_wconf 79' lang='grc' dir='ltr'><strong>ἐξ</strong></span> <span class='ocrx_word' id='word_1_74' title='bbox 292 1165 420 1263; x_wconf 78' lang='grc' dir='ltr'>ἀμφοῖν</span> <span class='ocrx_word' id='word_1_75' title='bbox 437 1160 583 1256; x_wconf 72' lang='grc' dir='ltr'>γέγονεν</span> <span class='ocrx_word' id='word_1_76' title='bbox 593 1161 722 1239; x_wconf 71' lang='lat' dir='ltr'><strong>dccciv,</strong></span> <span class='ocrx_word' id='word_1_77' title='bbox 734 1167 793 1251; x_wconf 80' lang='lat' dir='ltr'><strong>qai</strong></span> <span class='ocrx_word' id='word_1_78' title='bbox 804 1179 937 1249; x_wconf 83' lang='lat' dir='ltr'><strong>utroque</strong></span> <span class='ocrx_word' id='word_1_79' title='bbox 947 1180 1083 1249; x_wconf 81' lang='lat' dir='ltr'><strong>parente</strong></span> <span class='ocrx_word' id='word_1_80' title='bbox 1095 1169 1163 1233; x_wconf 86' lang='lat' dir='ltr'><strong>cive</strong></span> <span class='ocrx_word' id='word_1_81' title='bbox 1174 1181 1275 1234; x_wconf 81' lang='lat' dir='ltr'><strong>natac</strong></span> <span class='ocrx_word' id='word_1_82' title='bbox 1286 1171 1340 1234; x_wconf 81' lang='lat' dir='ltr'><strong>sit.</strong></span> 
     </span>
    </p>

    <p class='ocr_par' dir='ltr' id='par_1_10' title="bbox 239 1262 1343 1933">
     <span class='ocr_line' id='line_1_13' title="bbox 316 1262 1342 1351; baseline -0.001 -18"><span class='ocrx_word' id='word_1_83' title='bbox 316 1269 338 1333; x_wconf 84' lang='lat'><strong>2</strong></span> <span class='ocrx_word' id='word_1_84' title='bbox 369 1265 472 1351; x_wconf 86' lang='lat' dir='ltr'><strong>Atqui</strong></span> <span class='ocrx_word' id='word_1_85' title='bbox 483 1264 562 1329; x_wconf 89' lang='lat' dir='ltr'><strong>sicut</strong></span> <span class='ocrx_word' id='word_1_86' title='bbox 577 1262 611 1329; x_wconf 91' lang='lat' dir='ltr'><strong>iu</strong></span> <span class='ocrx_word' id='word_1_87' title='bbox 623 1272 707 1330; x_wconf 87' lang='lat' dir='ltr'><strong>statu</strong></span> <span class='ocrx_word' id='word_1_88' title='bbox 724 1273 845 1329; x_wconf 83' lang='lat' dir='ltr'><strong>naturae</strong></span> <span class='ocrx_word' id='word_1_89' title='bbox 861 1263 943 1330; x_wconf 87' lang='lat' dir='ltr'><strong>inter</strong></span> <span class='ocrx_word' id='word_1_90' title='bbox 958 1265 1045 1340; x_wconf 85' lang='lat' dir='ltr'><strong>tales,</strong></span> <span class='ocrx_word' id='word_1_91' title='bbox 1061 1265 1168 1351; x_wconf 89' lang='lat' dir='ltr'><strong>quales</strong></span> <span class='ocrx_word' id='word_1_92' title='bbox 1176 1265 1244 1351; x_wconf 90' lang='lat' dir='ltr'><strong>jam</strong></span> <span class='ocrx_word' id='word_1_93' title='bbox 1261 1266 1342 1332; x_wconf 82' lang='lat' dir='ltr'><strong>dixi·</strong></span> 
     </span>
     <span class='ocr_line' id='line_1_14' title="bbox 241 1362 1343 1453; baseline -0.002 -20"><span class='ocrx_word' id='word_1_94' title='bbox 241 1388 319 1446; x_wconf 91' lang='lat' dir='ltr'><strong>mus,</strong></span> <span class='ocrx_word' id='word_1_95' title='bbox 336 1363 513 1453; x_wconf 88' lang='lat' dir='ltr'><strong>conjugium</strong></span> <span class='ocrx_word' id='word_1_96' title='bbox 526 1384 633 1429; x_wconf 87' lang='lat' dir='ltr'><strong>weram</strong></span> <span class='ocrx_word' id='word_1_97' title='bbox 646 1383 714 1428; x_wconf 87' lang='lat' dir='ltr'><strong>esse</strong></span> <span class='ocrx_word' id='word_1_98' title='bbox 729 1362 840 1448; x_wconf 93' lang='lat' dir='ltr'><strong>potuit,</strong></span> <span class='ocrx_word' id='word_1_99' title='bbox 858 1363 885 1427; x_wconf 90' lang='lat' dir='ltr'><strong>si</strong></span> <span class='ocrx_word' id='word_1_100' title='bbox 900 1363 1016 1429; x_wconf 82' lang='lat' dir='ltr'><strong>femina</strong></span> <span class='ocrx_word' id='word_1_101' title='bbox 1029 1375 1111 1430; x_wconf 86' lang='lat' dir='ltr'><strong>esset</strong></span> <span class='ocrx_word' id='word_1_102' title='bbox 1127 1365 1185 1430; x_wconf 89' lang='lat' dir='ltr'><strong>snb</strong></span> <span class='ocrx_word' id='word_1_103' title='bbox 1199 1365 1343 1432; x_wconf 86' lang='lat' dir='ltr'><strong>custodia</strong></span> 
     </span>
     <span class='ocr_line' id='line_1_15' title="bbox 240 1460 1343 1552; baseline -0.002 -21"><span class='ocrx_word' id='word_1_104' title='bbox 240 1464 384 1541; x_wconf 81' lang='lat' dir='ltr'><strong>maritali,</strong></span> <span class='ocrx_word' id='word_1_105' title='bbox 410 1472 444 1529; x_wconf 90' lang='lat' dir='ltr'><strong>ct</strong></span> <span class='ocrx_word' id='word_1_106' title='bbox 467 1461 560 1528; x_wconf 86' lang='lat' dir='ltr'><strong>fidem</strong></span> <span class='ocrx_word' id='word_1_107' title='bbox 581 1460 699 1527; x_wconf 86' lang='lat' dir='ltr'><strong>marito</strong></span> <span class='ocrx_word' id='word_1_108' title='bbox 719 1461 873 1527; x_wconf 81' lang='lat' dir='ltr'><strong>dedisset:</strong></span> <span class='ocrx_word' id='word_1_109' title='bbox 900 1461 944 1526; x_wconf 88' lang='lat' dir='ltr'><strong>sic</strong></span> <span class='ocrx_word' id='word_1_110' title='bbox 966 1461 1059 1528; x_wconf 87' lang='lat' dir='ltr'><strong>etiam</strong></span> <span class='ocrx_word' id='word_1_111' title='bbox 1084 1463 1133 1528; x_wconf 84' lang='lat' dir='ltr'><strong>riu</strong></span> <span class='ocrx_word' id='word_1_112' title='bbox 1155 1470 1240 1529; x_wconf 83' lang='lat' dir='ltr'><strong>statu</strong></span> <span class='ocrx_word' id='word_1_113' title='bbox 1262 1463 1343 1552; x_wconf 88' lang='lat' dir='ltr'><strong>legis</strong></span> 
     </span>
     <span class='ocr_line' id='line_1_16' title="bbox 241 1558 1343 1637; baseline -0.002 -6"><span class='ocrx_word' id='word_1_114' title='bbox 241 1563 428 1631; x_wconf 78' lang='lat' dir='ltr'><strong>Christianae</strong></span> <span class='ocrx_word' id='word_1_115' title='bbox 441 1582 548 1628; x_wconf 86' lang='lat' dir='ltr'><strong>weram</strong></span> <span class='ocrx_word' id='word_1_116' title='bbox 562 1559 623 1625; x_wconf 90' lang='lat' dir='ltr'><strong>erit</strong></span> <span class='ocrx_word' id='word_1_117' title='bbox 634 1558 717 1624; x_wconf 89' lang='lat' dir='ltr'><strong>inter</strong></span> <span class='ocrx_word' id='word_1_118' title='bbox 733 1580 855 1625; x_wconf 81' lang='lat' dir='ltr'><strong>serrum</strong></span> <span class='ocrx_word' id='word_1_119' title='bbox 871 1569 903 1626; x_wconf 90' lang='lat' dir='ltr'><strong>et</strong></span> <span class='ocrx_word' id='word_1_120' title='bbox 919 1560 1069 1637; x_wconf 90' lang='lat' dir='ltr'><strong>ancillam,</strong></span> <span class='ocrx_word' id='word_1_121' title='bbox 1086 1569 1141 1627; x_wconf 90' lang='lat' dir='ltr'><strong>aut</strong></span> <span class='ocrx_word' id='word_1_122' title='bbox 1157 1561 1292 1628; x_wconf 86' lang='lat' dir='ltr'><strong>liberum</strong></span> <span class='ocrx_word' id='word_1_123' title='bbox 1309 1571 1343 1629; x_wconf 86' lang='lat' dir='ltr'><strong>et</strong></span> 
     </span>
     <span class='ocr_line' id='line_1_17' title="bbox 240 1657 1340 1750; baseline -0.004 -21"><span class='ocrx_word' id='word_1_124' title='bbox 240 1683 364 1729; x_wconf 82' lang='lat' dir='ltr'><strong>servam</strong></span> <span class='ocrx_word' id='word_1_125' title='bbox 378 1658 572 1747; x_wconf 71' lang='lat' dir='ltr'><strong>eonjugium</strong></span> <span class='ocrx_word' id='word_1_126' title='bbox 591 1657 749 1745; x_wconf 91' lang='lat' dir='ltr'><strong>multoque</strong></span> <span class='ocrx_word' id='word_1_127' title='bbox 761 1658 861 1748; x_wconf 87' lang='lat' dir='ltr'><strong>magis</strong></span> <span class='ocrx_word' id='word_1_128' title='bbox 876 1658 958 1724; x_wconf 86' lang='lat' dir='ltr'><strong>inter</strong></span> <span class='ocrx_word' id='word_1_129' title='bbox 974 1659 1071 1725; x_wconf 85' lang='lat' dir='ltr'><strong>civem</strong></span> <span class='ocrx_word' id='word_1_130' title='bbox 1084 1669 1117 1725; x_wconf 89' lang='lat' dir='ltr'><strong>et</strong></span> <span class='ocrx_word' id='word_1_131' title='bbox 1130 1661 1340 1750; x_wconf 86' lang='lat' dir='ltr'><strong>peregrinam,</strong></span> 
     </span>
     <span class='ocr_line' id='line_1_18' title="bbox 240 1756 1342 1844; baseline 0 -19"><span class='ocrx_word' id='word_1_132' title='bbox 240 1768 416 1828; x_wconf 83' lang='lat' dir='ltr'><strong>senatorem</strong></span> <span class='ocrx_word' id='word_1_133' title='bbox 436 1766 469 1823; x_wconf 89' lang='lat' dir='ltr'><strong>et</strong></span> <span class='ocrx_word' id='word_1_134' title='bbox 485 1756 638 1830; x_wconf 82' lang='lat' dir='ltr'><strong>libertam,</strong></span> <span class='ocrx_word' id='word_1_135' title='bbox 662 1757 688 1821; x_wconf 88' lang='lat' dir='ltr'><strong>si</strong></span> <span class='ocrx_word' id='word_1_136' title='bbox 704 1779 775 1844; x_wconf 83' lang='lat' dir='ltr'><strong>quae</strong></span> <span class='ocrx_word' id='word_1_137' title='bbox 788 1758 861 1843; x_wconf 88' lang='lat' dir='ltr'><strong>jure</strong></span> <span class='ocrx_word' id='word_1_138' title='bbox 878 1757 982 1823; x_wconf 83' lang='lat' dir='ltr'><strong>divino</strong></span> <span class='ocrx_word' id='word_1_139' title='bbox 1002 1757 1179 1825; x_wconf 83' lang='lat' dir='ltr'><strong>Christiano</strong></span> <span class='ocrx_word' id='word_1_140' title='bbox 1195 1768 1270 1825; x_wconf 90' lang='lat' dir='ltr'><strong>sunt</strong></span> <span class='ocrx_word' id='word_1_141' title='bbox 1286 1781 1342 1826; x_wconf 88' lang='lat' dir='ltr'><strong>ne·</strong></span> 
     </span>
     <span class='ocr_line' id='line_1_19' title="bbox 239 1855 1342 1933; baseline 0 -9"><span class='ocrx_word' id='word_1_142' title='bbox 239 1857 374 1925; x_wconf 88' lang='lat' dir='ltr'><strong>cessaria</strong></span> <span class='ocrx_word' id='word_1_143' title='bbox 399 1855 557 1933; x_wconf 87' lang='lat' dir='ltr'><strong>accedant,</strong></span> <span class='ocrx_word' id='word_1_144' title='bbox 583 1855 698 1921; x_wconf 87' lang='lat' dir='ltr'><strong>scilieet</strong></span> <span class='ocrx_word' id='word_1_145' title='bbox 723 1855 940 1922; x_wconf 89' lang='lat' dir='ltr'><strong>indissolubilis</strong></span> <span class='ocrx_word' id='word_1_146' title='bbox 968 1856 1058 1923; x_wconf 91' lang='lat' dir='ltr'><strong>unius</strong></span> <span class='ocrx_word' id='word_1_147' title='bbox 1085 1879 1155 1923; x_wconf 93' lang='lat' dir='ltr'><strong>cum</strong></span> <span class='ocrx_word' id='word_1_148' title='bbox 1178 1880 1242 1923; x_wconf 87' lang='lat' dir='ltr'><strong>nna</strong></span> <span class='ocrx_word' id='word_1_149' title='bbox 1267 1881 1342 1924; x_wconf 87' lang='lat' dir='ltr'><strong>con-</strong></span> 
     </span>
    </p>
   </div>
   <div class='ocr_carea' id='block_1_8' title="bbox 237 2029 1342 3065">
    <p class='ocr_par' dir='ltr' id='par_1_11' title="bbox 239 2029 1342 2243">
     <span class='ocr_line' id='line_1_20' title="bbox 284 2029 1342 2093; baseline 0.002 -14"><span class='ocrx_word' id='word_1_150' title='bbox 284 2033 413 2080; x_wconf 68' lang='lat' dir='ltr'><strong>viseraa</strong></span> <span class='ocrx_word' id='word_1_151' title='bbox 423 2030 483 2091; x_wconf 68' lang='lat' dir='ltr'><strong>tecta</strong></span> <span class='ocrx_word' id='word_1_152' title='bbox 494 2029 650 2092; x_wconf 70' lang='lat' dir='ltr'><strong>Christiane]</strong></span> <span class='ocrx_word' id='word_1_153' title='bbox 666 2029 729 2077; x_wconf 83' lang='lat' dir='ltr'><strong>Vide</strong></span> <span class='ocrx_word' id='word_1_154' title='bbox 739 2030 765 2077; x_wconf 92' lang='lat' dir='ltr'><strong>in</strong></span> <span class='ocrx_word' id='word_1_155' title='bbox 812 2045 872 2089; x_wconf 80' lang='lat' dir='ltr'><strong>rum,</strong></span> <span class='ocrx_word' id='word_1_156' title='bbox 891 2031 935 2078; x_wconf 81' lang='lat' dir='ltr'><strong>ced</strong></span> <span class='ocrx_word' id='word_1_157' title='bbox 943 2037 1045 2093; x_wconf 80' lang='lat' dir='ltr'><strong>propter</strong></span> <span class='ocrx_word' id='word_1_158' title='bbox 1059 2035 1247 2081; x_wconf 62' lang='lat' dir='ltr'><strong>{montiacutani</strong></span> <span class='ocrx_word' id='word_1_159' title='bbox 1262 2035 1342 2082; x_wconf 77' lang='lat' dir='ltr'><strong>cotiae</strong></span> 
     </span>
     <span class='ocr_line' id='line_1_21' title="bbox 241 2105 1342 2170; baseline 0.003 -16"><span class='ocrx_word' id='word_1_160' title='bbox 241 2109 352 2160; x_wconf 81' lang='lat' dir='ltr'><strong>Gratiani</strong></span> <span class='ocrx_word' id='word_1_161' title='bbox 367 2107 508 2154; x_wconf 83' lang='lat' dir='ltr'><strong>collectione</strong></span> <span class='ocrx_word' id='word_1_162' title='bbox 523 2119 544 2153; x_wconf 89' lang='lat' dir='ltr'><strong>c.</strong></span> <span class='ocrx_word' id='word_1_163' title='bbox 557 2108 578 2162; x_wconf 92' lang='lat'><strong>1,</strong></span> <span class='ocrx_word' id='word_1_164' title='bbox 601 2105 631 2151; x_wconf 89' lang='lat' dir='ltr'><strong>de</strong></span> <span class='ocrx_word' id='word_1_165' title='bbox 647 2105 765 2166; x_wconf 72' lang='lat' dir='ltr'><strong>conjugiis</strong></span> <span class='ocrx_word' id='word_1_166' title='bbox 812 2108 949 2154; x_wconf 75' lang='lat' dir='ltr'><strong>concubitus</strong></span> <span class='ocrx_word' id='word_1_167' title='bbox 971 2123 1045 2155; x_wconf 81' lang='lat' dir='ltr'><strong>cauca</strong></span> <span class='ocrx_word' id='word_1_168' title='bbox 1065 2110 1219 2170; x_wconf 64' lang='lat' dir='ltr'><strong>sopiantur,</strong></span> <span class='ocrx_word' id='word_1_169' title='bbox 1242 2125 1273 2157; x_wconf 83' lang='lat' dir='ltr'><strong>ca</strong></span> <span class='ocrx_word' id='word_1_170' title='bbox 1285 2110 1342 2170; x_wconf 68' lang='lat' dir='ltr'><strong>fide</strong></span> 
     </span>
     <span class='ocr_line' id='line_1_22' title="bbox 239 2178 1341 2243; baseline 0.003 -13"><span class='ocrx_word' id='word_1_171' title='bbox 239 2198 371 2233; x_wconf 72' lang='lat' dir='ltr'><strong>unorum.</strong></span> <span class='ocrx_word' id='word_1_172' title='bbox 401 2181 534 2241; x_wconf 82' lang='lat' dir='ltr'><strong>(Decretat.</strong></span> <span class='ocrx_word' id='word_1_173' title='bbox 546 2192 580 2227; x_wconf 82' lang='lat' dir='ltr'><strong>rw.</strong></span> <span class='ocrx_word' id='word_1_174' title='bbox 591 2181 613 2228; x_wconf 84' lang='lat'><strong>9.</strong></span> <span class='ocrx_word' id='word_1_175' title='bbox 623 2178 652 2239; x_wconf 81' lang='lat' dir='ltr'><strong>i.)</strong></span> <span class='ocrx_word' id='word_1_176' title='bbox 811 2182 897 2240; x_wconf 79' lang='lat' dir='ltr'><strong>media,</strong></span> <span class='ocrx_word' id='word_1_177' title='bbox 912 2188 938 2229; x_wconf 84' lang='lat' dir='ltr'><strong>ut</strong></span> <span class='ocrx_word' id='word_1_178' title='bbox 951 2197 992 2230; x_wconf 87' lang='lat' dir='ltr'><strong>nec</strong></span> <span class='ocrx_word' id='word_1_179' title='bbox 1007 2183 1048 2230; x_wconf 81' lang='lat' dir='ltr'><strong>illc</strong></span> <span class='ocrx_word' id='word_1_180' title='bbox 1062 2198 1113 2231; x_wconf 78' lang='lat' dir='ltr'><strong>cura</strong></span> <span class='ocrx_word' id='word_1_181' title='bbox 1130 2183 1216 2243; x_wconf 78' lang='lat' dir='ltr'><strong>altera,</strong></span> <span class='ocrx_word' id='word_1_182' title='bbox 1235 2199 1279 2232; x_wconf 85' lang='lat' dir='ltr'><strong>nce</strong></span> <span class='ocrx_word' id='word_1_183' title='bbox 1294 2187 1341 2233; x_wconf 73' lang='lat' dir='ltr'><strong>itte</strong></span> 
     </span>
    </p>

    <p class='ocr_par' dir='ltr' id='par_1_12' title="bbox 237 2252 1341 3065">
     <span class='ocr_line' id='line_1_23' title="bbox 283 2252 1341 2320; baseline 0.003 -16"><span class='ocrx_word' id='word_1_184' title='bbox 283 2267 293 2292; x_wconf 87' lang='lat'><strong>¹</strong></span> <span class='ocrx_word' id='word_1_185' title='bbox 308 2258 361 2305; x_wconf 88' lang='lat' dir='ltr'><strong>Pro</strong></span> <span class='ocrx_word' id='word_1_186' title='bbox 376 2271 452 2303; x_wconf 76' lang='lat' dir='ltr'><strong>uxore</strong></span> <span class='ocrx_word' id='word_1_187' title='bbox 461 2256 614 2302; x_wconf 74' lang='lat' dir='ltr'><strong>concubinam</strong></span> <span class='ocrx_word' id='word_1_188' title='bbox 629 2252 710 2315; x_wconf 82' lang='lat' dir='ltr'><strong>habet]</strong></span> <span class='ocrx_word' id='word_1_189' title='bbox 726 2253 765 2299; x_wconf 80' lang='lat' dir='ltr'><strong>De</strong></span> <span class='ocrx_word' id='word_1_190' title='bbox 812 2270 865 2303; x_wconf 81' lang='lat' dir='ltr'><strong>cuna</strong></span> <span class='ocrx_word' id='word_1_191' title='bbox 874 2257 949 2303; x_wconf 82' lang='lat' dir='ltr'><strong>attero</strong></span> <span class='ocrx_word' id='word_1_192' title='bbox 960 2258 988 2304; x_wconf 83' lang='lat' dir='ltr'><strong>id</strong></span> <span class='ocrx_word' id='word_1_193' title='bbox 993 2258 1085 2319; x_wconf 81' lang='lat' dir='ltr'><strong>saciat,</strong></span> <span class='ocrx_word' id='word_1_194' title='bbox 1102 2264 1184 2305; x_wconf 73' lang='lat' dir='ltr'><strong>atrurn</strong></span> <span class='ocrx_word' id='word_1_195' title='bbox 1192 2261 1282 2320; x_wconf 69' lang='lat' dir='ltr'><strong>neptim</strong></span> <span class='ocrx_word' id='word_1_196' title='bbox 1291 2261 1341 2309; x_wconf 72' lang='lat' dir='ltr'><strong>dart</strong></span> 
     </span>
     <span class='ocr_line' id='line_1_24' title="bbox 239 2327 1341 2393; baseline 0.001 -12"><span class='ocrx_word' id='word_1_197' title='bbox 239 2333 284 2382; x_wconf 76' lang='lat' dir='ltr'><strong>tali</strong></span> <span class='ocrx_word' id='word_1_198' title='bbox 301 2331 434 2379; x_wconf 81' lang='lat' dir='ltr'><strong>concubina</strong></span> <span class='ocrx_word' id='word_1_199' title='bbox 447 2330 598 2391; x_wconf 80' lang='lat' dir='ltr'><strong>Augustinus</strong></span> <span class='ocrx_word' id='word_1_200' title='bbox 615 2328 644 2375; x_wconf 84' lang='lat' dir='ltr'><strong>dc</strong></span> <span class='ocrx_word' id='word_1_201' title='bbox 663 2327 726 2374; x_wconf 80' lang='lat' dir='ltr'><strong>Fide</strong></span> <span class='ocrx_word' id='word_1_202' title='bbox 742 2333 765 2375; x_wconf 85' lang='lat' dir='ltr'><strong>ct</strong></span> <span class='ocrx_word' id='word_1_203' title='bbox 811 2331 930 2378; x_wconf 77' lang='lat' dir='ltr'><strong>eocarrdoe.</strong></span> <span class='ocrx_word' id='word_1_204' title='bbox 960 2332 997 2378; x_wconf 83' lang='lat' dir='ltr'><strong>Et</strong></span> <span class='ocrx_word' id='word_1_205' title='bbox 1015 2337 1096 2392; x_wconf 80' lang='lat' dir='ltr'><strong>potest</strong></span> <span class='ocrx_word' id='word_1_206' title='bbox 1119 2333 1215 2393; x_wconf 69' lang='lat' dir='ltr'><strong>quidm</strong></span> <span class='ocrx_word' id='word_1_207' title='bbox 1228 2333 1341 2392; x_wconf 64' lang='lat' dir='ltr'><strong>fhnasec</strong></span> 
     </span>
     <span class='ocr_line' id='line_1_25' title="bbox 241 2402 1340 2469; baseline 0.001 -15"><span class='ocrx_word' id='word_1_208' title='bbox 241 2408 359 2469; x_wconf 67' lang='lat' dir='ltr'><strong>Operibus</strong></span> <span class='ocrx_word' id='word_1_209' title='bbox 374 2403 502 2466; x_wconf 82' lang='lat' dir='ltr'><strong>(cap.19):</strong></span> <span class='ocrx_word' id='word_1_210' title='bbox 518 2403 547 2449; x_wconf 85' lang='lat' dir='ltr'><strong>de</strong></span> <span class='ocrx_word' id='word_1_211' title='bbox 562 2402 693 2449; x_wconf 79' lang='lat' dir='ltr'><strong>concubina</strong></span> <span class='ocrx_word' id='word_1_212' title='bbox 707 2416 765 2461; x_wconf 70' lang='lat' dir='ltr'><strong>quo</strong></span> <span class='ocrx_word' id='word_1_213' title='bbox 811 2405 1026 2455; x_wconf 73' lang='lat' dir='ltr'><strong>mobcurdehoc</strong></span> <span class='ocrx_word' id='word_1_214' title='bbox 1033 2407 1340 2468; x_wconf 58' lang='lat' dir='ltr'><strong>appeuoetemsttuwt</strong></span> 
     </span>
     <span class='ocr_line' id='line_1_26' title="bbox 239 2477 1340 2545; baseline 0.001 -17"><span class='ocrx_word' id='word_1_215' title='bbox 239 2496 293 2545; x_wconf 84' lang='lat' dir='ltr'><strong>quc,</strong></span> <span class='ocrx_word' id='word_1_216' title='bbox 307 2483 330 2528; x_wconf 83' lang='lat' dir='ltr'><strong>ci</strong></span> <span class='ocrx_word' id='word_1_217' title='bbox 340 2480 452 2542; x_wconf 73' lang='lat' dir='ltr'><strong>prosecta</strong></span> <span class='ocrx_word' id='word_1_218' title='bbox 459 2478 543 2539; x_wconf 83' lang='lat' dir='ltr'><strong>suerit</strong></span> <span class='ocrx_word' id='word_1_219' title='bbox 552 2477 642 2524; x_wconf 80' lang='lat' dir='ltr'><strong>nullam</strong></span> <span class='ocrx_word' id='word_1_220' title='bbox 651 2490 676 2522; x_wconf 82' lang='lat' dir='ltr'><strong>cc</strong></span> <span class='ocrx_word' id='word_1_221' title='bbox 687 2477 764 2523; x_wconf 73' lang='lat' dir='ltr'><strong>aliam</strong></span> <span class='ocrx_word' id='word_1_222' title='bbox 811 2493 886 2540; x_wconf 75' lang='lat' dir='ltr'><strong>usquc</strong></span> <span class='ocrx_word' id='word_1_223' title='bbox 893 2481 927 2527; x_wconf 82' lang='lat' dir='ltr'><strong>ad</strong></span> <span class='ocrx_word' id='word_1_224' title='bbox 936 2487 1031 2528; x_wconf 81' lang='lat' dir='ltr'><strong>mortem</strong></span> <span class='ocrx_word' id='word_1_225' title='bbox 1040 2483 1231 2540; x_wconf 72' lang='lat' dir='ltr'><strong>atimcjussonnn</strong></span> <span class='ocrx_word' id='word_1_226' title='bbox 1240 2483 1269 2528; x_wconf 88' lang='lat' dir='ltr'><strong>id</strong></span> <span class='ocrx_word' id='word_1_227' title='bbox 1277 2485 1340 2530; x_wconf 79' lang='lat' dir='ltr'><strong>inter</strong></span> 
     </span>
     <span class='ocr_line' id='line_1_27' title="bbox 239 2551 1339 2617; baseline 0.002 -16"><span class='ocrx_word' id='word_1_228' title='bbox 239 2557 395 2616; x_wconf 72' lang='lat' dir='ltr'><strong>acquirerem,</strong></span> <span class='ocrx_word' id='word_1_229' title='bbox 410 2553 504 2599; x_wconf 74' lang='lat' dir='ltr'><strong>etiamsi</strong></span> <span class='ocrx_word' id='word_1_230' title='bbox 514 2551 545 2598; x_wconf 84' lang='lat' dir='ltr'><strong>ab</strong></span> <span class='ocrx_word' id='word_1_231' title='bbox 555 2553 598 2597; x_wconf 84' lang='lat' dir='ltr'><strong>illc</strong></span> <span class='ocrx_word' id='word_1_232' title='bbox 612 2552 653 2597; x_wconf 85' lang='lat' dir='ltr'><strong>cui</strong></span> <span class='ocrx_word' id='word_1_233' title='bbox 666 2551 764 2597; x_wconf 71' lang='lat' dir='ltr'><strong>subdita</strong></span> <span class='ocrx_word' id='word_1_234' title='bbox 811 2569 851 2601; x_wconf 82' lang='lat' dir='ltr'><strong>cce</strong></span> <span class='ocrx_word' id='word_1_235' title='bbox 866 2556 994 2615; x_wconf 80' lang='lat' dir='ltr'><strong>placuerit,</strong></span> <span class='ocrx_word' id='word_1_236' title='bbox 1017 2562 1040 2602; x_wconf 85' lang='lat' dir='ltr'><strong>et</strong></span> <span class='ocrx_word' id='word_1_237' title='bbox 1059 2557 1140 2617; x_wconf 77' lang='lat' dir='ltr'><strong>prolis</strong></span> <span class='ocrx_word' id='word_1_238' title='bbox 1158 2558 1339 2617; x_wconf 65' lang='lat' dir='ltr'><strong>emotionem,</strong></span> 
     </span>
     <span class='ocr_line' id='line_1_28' title="bbox 239 2625 1339 2692; baseline 0.002 -15"><span class='ocrx_word' id='word_1_239' title='bbox 239 2637 273 2678; x_wconf 78' lang='lat' dir='ltr'><strong>eet</strong></span> <span class='ocrx_word' id='word_1_240' title='bbox 283 2631 427 2685; x_wconf 82' lang='lat' dir='ltr'><strong>dimittetur,</strong></span> <span class='ocrx_word' id='word_1_241' title='bbox 442 2629 524 2674; x_wconf 84' lang='lat' dir='ltr'><strong>merito</strong></span> <span class='ocrx_word' id='word_1_242' title='bbox 535 2625 667 2683; x_wconf 81' lang='lat' dir='ltr'><strong>dubitatur,</strong></span> <span class='ocrx_word' id='word_1_243' title='bbox 683 2632 764 2672; x_wconf 68' lang='lat' dir='ltr'><strong>ubam</strong></span> <span class='ocrx_word' id='word_1_244' title='bbox 811 2631 918 2688; x_wconf 72' lang='grc' dir='ltr'>ᾳναοιοὶε</span> <span class='ocrx_word' id='word_1_245' title='bbox 927 2645 973 2676; x_wconf 82' lang='lat' dir='ltr'><strong>non</strong></span> <span class='ocrx_word' id='word_1_246' title='bbox 983 2645 1012 2678; x_wconf 86' lang='lat' dir='ltr'><strong>ca</strong></span> <span class='ocrx_word' id='word_1_247' title='bbox 1019 2646 1094 2678; x_wconf 81' lang='lat' dir='ltr'><strong>causa</strong></span> <span class='ocrx_word' id='word_1_248' title='bbox 1101 2632 1219 2688; x_wconf 63' lang='lat' dir='ltr'><strong>confundi</strong></span> <span class='ocrx_word' id='word_1_249' title='bbox 1228 2633 1339 2692; x_wconf 46' lang='lat' dir='ltr'><strong>sittace</strong></span> 
     </span>
     <span class='ocr_line' id='line_1_29' title="bbox 239 2703 1339 2767; baseline 0 -13"><span class='ocrx_word' id='word_1_250' title='bbox 239 2708 275 2754; x_wconf 82' lang='lat' dir='ltr'><strong>ad</strong></span> <span class='ocrx_word' id='word_1_251' title='bbox 284 2704 464 2767; x_wconf 75' lang='lat' dir='ltr'><strong>percipiendum</strong></span> <span class='ocrx_word' id='word_1_252' title='bbox 474 2704 612 2762; x_wconf 73' lang='lat' dir='ltr'><strong>baptismum</strong></span> <span class='ocrx_word' id='word_1_253' title='bbox 622 2717 668 2748; x_wconf 81' lang='lat' dir='ltr'><strong>aon</strong></span> <span class='ocrx_word' id='word_1_254' title='bbox 682 2703 763 2749; x_wconf 78' lang='lat' dir='ltr'><strong>debeat</strong></span> <span class='ocrx_word' id='word_1_255' title='bbox 809 2707 886 2750; x_wconf 65' lang='lat' dir='ltr'><strong>tanna</strong></span> <span class='ocrx_word' id='word_1_256' title='bbox 895 2706 1027 2762; x_wconf 68' lang='grc' dir='ltr'><strong>νίὶαοοήνί,</strong></span> <span class='ocrx_word' id='word_1_257' title='bbox 1042 2712 1068 2752; x_wconf 86' lang='lat' dir='ltr'><strong>ut</strong></span> <span class='ocrx_word' id='word_1_258' title='bbox 1077 2707 1114 2752; x_wconf 85' lang='lat' dir='ltr'><strong>eet</strong></span> <span class='ocrx_word' id='word_1_259' title='bbox 1123 2706 1199 2753; x_wconf 80' lang='lat' dir='ltr'><strong>nolint</strong></span> <span class='ocrx_word' id='word_1_260' title='bbox 1209 2707 1257 2752; x_wconf 80' lang='lat' dir='ltr'><strong>eibi</strong></span> <span class='ocrx_word' id='word_1_261' title='bbox 1270 2707 1339 2754; x_wconf 77' lang='lat' dir='ltr'><strong>nacci</strong></span> 
     </span>
     <span class='ocr_line' id='line_1_30' title="bbox 238 2777 1338 2842; baseline -0.001 -13"><span class='ocrx_word' id='word_1_262' title='bbox 238 2783 342 2830; x_wconf 71' lang='lat' dir='ltr'><strong>adsciti.</strong></span> <span class='ocrx_word' id='word_1_263' title='bbox 362 2781 431 2826; x_wconf 90' lang='lat' dir='ltr'><strong>Idem</strong></span> <span class='ocrx_word' id='word_1_264' title='bbox 442 2779 470 2825; x_wconf 83' lang='lat' dir='ltr'><strong>otc</strong></span> <span class='ocrx_word' id='word_1_265' title='bbox 479 2779 547 2825; x_wconf 83' lang='lat' dir='ltr'><strong>Bono</strong></span> <span class='ocrx_word' id='word_1_266' title='bbox 560 2777 671 2837; x_wconf 72' lang='lat' dir='ltr'><strong>Conjucii</strong></span> <span class='ocrx_word' id='word_1_267' title='bbox 681 2791 733 2837; x_wconf 87' lang='lat' dir='ltr'><strong>cap.</strong></span> <span class='ocrx_word' id='word_1_268' title='bbox 740 2779 761 2823; x_wconf 84' lang='lat'><strong>5.</strong></span> <span class='ocrx_word' id='word_1_269' title='bbox 802 2779 879 2837; x_wconf 73' lang='lat' dir='ltr'><strong>filice,</strong></span> <span class='ocrx_word' id='word_1_270' title='bbox 890 2780 1005 2826; x_wconf 80' lang='lat' dir='ltr'><strong>ueletiam</strong></span> <span class='ocrx_word' id='word_1_271' title='bbox 1015 2781 1173 2841; x_wconf 82' lang='lat' dir='ltr'><strong>opereaiiquo</strong></span> <span class='ocrx_word' id='word_1_272' title='bbox 1181 2782 1244 2827; x_wconf 82' lang='lat' dir='ltr'><strong>mato</strong></span> <span class='ocrx_word' id='word_1_273' title='bbox 1253 2789 1338 2842; x_wconf 73' lang='lat' dir='ltr'><strong>cpont,</strong></span> 
     </span>
     <span class='ocr_line' id='line_1_31' title="bbox 240 2852 1338 2916; baseline 0 -12"><span class='ocrx_word' id='word_1_274' title='bbox 240 2857 305 2904; x_wconf 79' lang='lat' dir='ltr'><strong>Solet</strong></span> <span class='ocrx_word' id='word_1_275' title='bbox 320 2857 390 2903; x_wconf 68' lang='grc' dir='ltr'>οῐίανι</span> <span class='ocrx_word' id='word_1_276' title='bbox 404 2855 489 2914; x_wconf 62' lang='lat' dir='ltr'><strong>pacari</strong></span> <span class='ocrx_word' id='word_1_277' title='bbox 500 2867 552 2900; x_wconf 80' lang='lat' dir='ltr'><strong>cum</strong></span> <span class='ocrx_word' id='word_1_278' title='bbox 561 2852 711 2898; x_wconf 74' lang='lat' dir='ltr'><strong>umectant</strong></span> <span class='ocrx_word' id='word_1_279' title='bbox 720 2852 762 2911; x_wconf 72' lang='lat' dir='ltr'><strong>fi·</strong></span> <span class='ocrx_word' id='word_1_280' title='bbox 809 2867 838 2899; x_wconf 87' lang='lat' dir='ltr'><strong>nc</strong></span> <span class='ocrx_word' id='word_1_281' title='bbox 868 2859 1006 2901; x_wconf 83' lang='lat' dir='ltr'><strong>nascantur.</strong></span> <span class='ocrx_word' id='word_1_282' title='bbox 1046 2855 1132 2915; x_wconf 80' lang='lat' dir='ltr'><strong>Itaque</strong></span> <span class='ocrx_word' id='word_1_283' title='bbox 1156 2856 1181 2901; x_wconf 94' lang='lat' dir='ltr'><strong>in</strong></span> <span class='ocrx_word' id='word_1_284' title='bbox 1209 2856 1338 2916; x_wconf 78' lang='lat' dir='ltr'><strong>capitulari</strong></span> 
     </span>
     <span class='ocr_line' id='line_1_32' title="bbox 238 2926 1338 2992; baseline 0 -14"><span class='ocrx_word' id='word_1_285' title='bbox 238 2932 310 2987; x_wconf 64' lang='grc' dir='ltr'>πίνοι,</span> <span class='ocrx_word' id='word_1_286' title='bbox 324 2944 366 2976; x_wconf 84' lang='lat' dir='ltr'><strong>nec</strong></span> <span class='ocrx_word' id='word_1_287' title='bbox 376 2928 533 2982; x_wconf 81' lang='lat' dir='ltr'><strong>illsmarttuc,</strong></span> <span class='ocrx_word' id='word_1_288' title='bbox 547 2939 588 2972; x_wconf 85' lang='lat' dir='ltr'><strong>nec</strong></span> <span class='ocrx_word' id='word_1_289' title='bbox 598 2926 643 2970; x_wconf 83' lang='lat' dir='ltr'><strong>illa</strong></span> <span class='ocrx_word' id='word_1_290' title='bbox 652 2938 714 2970; x_wconf 77' lang='lat' dir='ltr'><strong>acor</strong></span> <span class='ocrx_word' id='word_1_291' title='bbox 724 2926 762 2971; x_wconf 86' lang='lat' dir='ltr'><strong>al·</strong></span> <span class='ocrx_word' id='word_1_292' title='bbox 810 2928 924 2974; x_wconf 80' lang='lat' dir='ltr'><strong>Francico</strong></span> <span class='ocrx_word' id='word_1_293' title='bbox 957 2942 1007 2975; x_wconf 82' lang='lat' dir='ltr'><strong>vu.</strong></span> <span class='ocrx_word' id='word_1_294' title='bbox 1033 2943 1054 2976; x_wconf 87' lang='lat' dir='ltr'><strong>c.</strong></span> <span class='ocrx_word' id='word_1_295' title='bbox 1071 2932 1124 2978; x_wconf 77' lang='lat'><strong>256.</strong></span> <span class='ocrx_word' id='word_1_296' title='bbox 1151 2931 1251 2978; x_wconf 85' lang='lat' dir='ltr'><strong>dicitur:</strong></span> <span class='ocrx_word' id='word_1_297' title='bbox 1285 2932 1338 2992; x_wconf 79' lang='lat' dir='ltr'><strong>Qui</strong></span> 
     </span>
     <span class='ocr_line' id='line_1_33' title="bbox 237 3001 1337 3065; baseline -0.001 -11"><span class='ocrx_word' id='word_1_298' title='bbox 237 3009 319 3064; x_wconf 76' lang='lat' dir='ltr'><strong>terius,</strong></span> <span class='ocrx_word' id='word_1_299' title='bbox 333 3005 424 3051; x_wconf 79' lang='lat' dir='ltr'><strong>sibimet</strong></span> <span class='ocrx_word' id='word_1_300' title='bbox 433 3018 479 3049; x_wconf 89' lang='lat' dir='ltr'><strong>non</strong></span> <span class='ocrx_word' id='word_1_301' title='bbox 481 3004 592 3064; x_wconf 73' lang='lat' dir='ltr'><strong>fitiorum</strong></span> <span class='ocrx_word' id='word_1_302' title='bbox 600 3001 762 3060; x_wconf 84' lang='lat' dir='ltr'><strong>procreando·</strong></span> <span class='ocrx_word' id='word_1_303' title='bbox 810 3015 906 3048; x_wconf 73' lang='lat' dir='ltr'><strong>acoron</strong></span> <span class='ocrx_word' id='word_1_304' title='bbox 923 3001 1000 3060; x_wconf 81' lang='lat' dir='ltr'><strong>tebet,</strong></span> <span class='ocrx_word' id='word_1_305' title='bbox 1015 3004 1094 3050; x_wconf 80' lang='lat' dir='ltr'><strong>eodem</strong></span> <span class='ocrx_word' id='word_1_306' title='bbox 1109 3010 1211 3065; x_wconf 82' lang='lat' dir='ltr'><strong>tempere</strong></span> <span class='ocrx_word' id='word_1_307' title='bbox 1226 3008 1337 3053; x_wconf 73' lang='lat' dir='ltr'><strong>meabi-</strong></span> 
     </span>
    </p>
   </div>
   <div class='ocr_carea' id='block_1_9' title="bbox 229 3216 1339 4399">
    <p class='ocr_par' dir='ltr' id='par_1_13' title="bbox 233 3216 1338 3545">
     <span class='ocr_line' id='line_1_34' title="bbox 235 3216 1338 3290; baseline -0.002 -14"><span class='ocrx_word' id='word_1_308' title='bbox 235 3219 293 3276; x_wconf 88' lang='lat' dir='ltr'><strong>and</strong></span> <span class='ocrx_word' id='word_1_309' title='bbox 310 3218 367 3274; x_wconf 91' lang='lat' dir='ltr'><strong>this</strong></span> <span class='ocrx_word' id='word_1_310' title='bbox 381 3235 464 3274; x_wconf 86' lang='lat' dir='ltr'><strong>name</strong></span> <span class='ocrx_word' id='word_1_311' title='bbox 480 3235 535 3274; x_wconf 88' lang='lat' dir='ltr'><strong>was</strong></span> <span class='ocrx_word' id='word_1_312' title='bbox 549 3218 712 3274; x_wconf 81' lang='lat' dir='ltr'><strong>afterwards</strong></span> <span class='ocrx_word' id='word_1_313' title='bbox 732 3217 871 3273; x_wconf 83' lang='lat' dir='ltr'><strong>extendcd</strong></span> <span class='ocrx_word' id='word_1_314' title='bbox 884 3224 915 3273; x_wconf 85' lang='lat' dir='ltr'><strong>to</strong></span> <span class='ocrx_word' id='word_1_315' title='bbox 933 3218 1015 3273; x_wconf 90' lang='lat' dir='ltr'><strong>other</strong></span> <span class='ocrx_word' id='word_1_316' title='bbox 1033 3233 1148 3290; x_wconf 90' lang='lat' dir='ltr'><strong>persons</strong></span> <span class='ocrx_word' id='word_1_317' title='bbox 1162 3216 1196 3272; x_wconf 87' lang='lat' dir='ltr'><strong>of</strong></span> <span class='ocrx_word' id='word_1_318' title='bbox 1211 3219 1338 3289; x_wconf 83' lang='lat' dir='ltr'><strong>nnequai</strong></span> 
     </span>
     <span class='ocr_line' id='line_1_35' title="bbox 235 3303 1335 3378; baseline -0.003 -17"><span class='ocrx_word' id='word_1_319' title='bbox 235 3306 358 3378; x_wconf 69' lang='lat' dir='ltr'><strong>qualityc</strong></span> <span class='ocrx_word' id='word_1_320' title='bbox 380 3322 410 3360; x_wconf 83' lang='lat' dir='ltr'><strong>as</strong></span> <span class='ocrx_word' id='word_1_321' title='bbox 428 3311 459 3359; x_wconf 84' lang='lat' dir='ltr'><strong>st</strong></span> <span class='ocrx_word' id='word_1_322' title='bbox 476 3303 591 3369; x_wconf 79' lang='lat' dir='ltr'><strong>Athens,</strong></span> <span class='ocrx_word' id='word_1_323' title='bbox 606 3310 636 3358; x_wconf 89' lang='lat' dir='ltr'><strong>to</strong></span> <span class='ocrx_word' id='word_1_324' title='bbox 651 3321 669 3358; x_wconf 92' lang='lat' dir='ltr'><strong>a</strong></span> <span class='ocrx_word' id='word_1_325' title='bbox 683 3304 769 3357; x_wconf 90' lang='lat' dir='ltr'><strong>union</strong></span> <span class='ocrx_word' id='word_1_326' title='bbox 782 3303 907 3358; x_wconf 79' lang='lat' dir='ltr'><strong>between</strong></span> <span class='ocrx_word' id='word_1_327' title='bbox 921 3321 939 3358; x_wconf 87' lang='lat' dir='ltr'><strong>a</strong></span> <span class='ocrx_word' id='word_1_328' title='bbox 953 3305 1052 3359; x_wconf 86' lang='lat' dir='ltr'><strong>citizen</strong></span> <span class='ocrx_word' id='word_1_329' title='bbox 1070 3303 1126 3357; x_wconf 89' lang='lat' dir='ltr'><strong>and</strong></span> <span class='ocrx_word' id='word_1_330' title='bbox 1144 3321 1162 3357; x_wconf 89' lang='lat' dir='ltr'><strong>a</strong></span> <span class='ocrx_word' id='word_1_331' title='bbox 1182 3303 1335 3375; x_wconf 85' lang='lat' dir='ltr'><strong>foreigner.</strong></span> 
     </span>
     <span class='ocr_line' id='line_1_36' title="bbox 236 3388 1336 3462; baseline -0.004 -15"><span class='ocrx_word' id='word_1_332' title='bbox 236 3394 274 3447; x_wconf 80' lang='lat' dir='ltr'><strong>So</strong></span> <span class='ocrx_word' id='word_1_333' title='bbox 292 3393 322 3445; x_wconf 93' lang='lat' dir='ltr'><strong>in</strong></span> <span class='ocrx_word' id='word_1_334' title='bbox 341 3391 441 3462; x_wconf 89' lang='lat' dir='ltr'><strong>Virgil,</strong></span> <span class='ocrx_word' id='word_1_335' title='bbox 458 3390 665 3461; x_wconf 80' lang='lat' dir='ltr'><strong>Aristophanes,</strong></span> <span class='ocrx_word' id='word_1_336' title='bbox 682 3390 785 3452; x_wconf 84' lang='lat' dir='ltr'><strong>AElian,</strong></span> <span class='ocrx_word' id='word_1_337' title='bbox 798 3389 846 3443; x_wconf 93' lang='lat' dir='ltr'><strong>the</strong></span> <span class='ocrx_word' id='word_1_338' title='bbox 862 3389 938 3444; x_wconf 91' lang='lat' dir='ltr'><strong>child</strong></span> <span class='ocrx_word' id='word_1_339' title='bbox 959 3390 992 3444; x_wconf 84' lang='lat' dir='ltr'><strong>of</strong></span> <span class='ocrx_word' id='word_1_340' title='bbox 1006 3407 1024 3444; x_wconf 89' lang='lat' dir='ltr'><strong>a</strong></span> <span class='ocrx_word' id='word_1_341' title='bbox 1040 3388 1150 3459; x_wconf 84' lang='lat' dir='ltr'><strong>foreign</strong></span> <span class='ocrx_word' id='word_1_342' title='bbox 1168 3388 1280 3443; x_wconf 87' lang='lat' dir='ltr'><strong>mother</strong></span> <span class='ocrx_word' id='word_1_343' title='bbox 1296 3390 1336 3462; x_wconf 80' lang='lat' dir='ltr'><strong>by</strong></span> 
     </span>
     <span class='ocr_line' id='line_1_37' title="bbox 233 3469 968 3545; baseline -0.007 -12"><span class='ocrx_word' id='word_1_344' title='bbox 233 3496 252 3532; x_wconf 90' lang='lat' dir='ltr'><strong>a</strong></span> <span class='ocrx_word' id='word_1_345' title='bbox 268 3478 367 3533; x_wconf 87' lang='lat' dir='ltr'><strong>citizen</strong></span> <span class='ocrx_word' id='word_1_346' title='bbox 387 3478 411 3530; x_wconf 91' lang='lat' dir='ltr'><strong>is</strong></span> <span class='ocrx_word' id='word_1_347' title='bbox 429 3475 519 3531; x_wconf 87' lang='lat' dir='ltr'><strong>called</strong></span> <span class='ocrx_word' id='word_1_348' title='bbox 535 3478 637 3539; x_wconf 74' lang='lat' dir='ltr'><strong>aethrae,</strong></span> <span class='ocrx_word' id='word_1_349' title='bbox 654 3475 837 3545; x_wconf 80' lang='lat' dir='ltr'><strong>illegitimate.</strong></span> <span class='ocrx_word' id='word_1_350' title='bbox 878 3469 968 3543; x_wconf 82' lang='lat' dir='ltr'><strong>[See]</strong></span> 
     </span>
    </p>

    <p class='ocr_par' dir='ltr' id='par_1_14' title="bbox 229 3558 1339 4399">
     <span class='ocr_line' id='line_1_38' title="bbox 292 3558 1339 3631; baseline -0.003 -16"><span class='ocrx_word' id='word_1_351' title='bbox 292 3568 310 3615; x_wconf 85' lang='lat'>2</span> <span class='ocrx_word' id='word_1_352' title='bbox 333 3563 391 3616; x_wconf 88' lang='lat' dir='ltr'><strong>But</strong></span> <span class='ocrx_word' id='word_1_353' title='bbox 405 3578 435 3615; x_wconf 92' lang='lat' dir='ltr'><strong>as</strong></span> <span class='ocrx_word' id='word_1_354' title='bbox 450 3562 480 3614; x_wconf 90' lang='lat' dir='ltr'><strong>in</strong></span> <span class='ocrx_word' id='word_1_355' title='bbox 501 3568 604 3616; x_wconf 89' lang='lat' dir='ltr'><strong>astate</strong></span> <span class='ocrx_word' id='word_1_356' title='bbox 619 3560 652 3614; x_wconf 89' lang='lat' dir='ltr'><strong>of</strong></span> <span class='ocrx_word' id='word_1_357' title='bbox 663 3569 771 3631; x_wconf 83' lang='lat' dir='ltr'><strong>nature,</strong></span> <span class='ocrx_word' id='word_1_358' title='bbox 790 3559 858 3614; x_wconf 94' lang='lat' dir='ltr'><strong>such</strong></span> <span class='ocrx_word' id='word_1_359' title='bbox 876 3561 976 3613; x_wconf 87' lang='lat' dir='ltr'><strong>uniens</strong></span> <span class='ocrx_word' id='word_1_360' title='bbox 991 3575 1021 3614; x_wconf 84' lang='lat' dir='ltr'><strong>us</strong></span> <span class='ocrx_word' id='word_1_361' title='bbox 1035 3577 1077 3614; x_wconf 89' lang='lat' dir='ltr'><strong>we</strong></span> <span class='ocrx_word' id='word_1_362' title='bbox 1092 3558 1163 3613; x_wconf 88' lang='lat' dir='ltr'><strong>hawe</strong></span> <span class='ocrx_word' id='word_1_363' title='bbox 1178 3558 1285 3630; x_wconf 88' lang='lat' dir='ltr'><strong>spoken</strong></span> <span class='ocrx_word' id='word_1_364' title='bbox 1304 3560 1339 3618; x_wconf 75' lang='lat' dir='ltr'><strong>of</strong></span> 
     </span>
     <span class='ocr_line' id='line_1_39' title="bbox 233 3644 1336 3717; baseline -0.002 -17"><span class='ocrx_word' id='word_1_365' title='bbox 233 3644 325 3716; x_wconf 89' lang='lat' dir='ltr'><strong>might</strong></span> <span class='ocrx_word' id='word_1_366' title='bbox 343 3646 379 3700; x_wconf 89' lang='lat' dir='ltr'><strong>bo</strong></span> <span class='ocrx_word' id='word_1_367' title='bbox 398 3652 461 3700; x_wconf 86' lang='lat' dir='ltr'><strong>true</strong></span> <span class='ocrx_word' id='word_1_368' title='bbox 485 3648 630 3716; x_wconf 85' lang='lat' dir='ltr'><strong>marriage,</strong></span> <span class='ocrx_word' id='word_1_369' title='bbox 649 3645 674 3698; x_wconf 83' lang='lat' dir='ltr'><strong>if</strong></span> <span class='ocrx_word' id='word_1_370' title='bbox 693 3644 742 3699; x_wconf 89' lang='lat' dir='ltr'><strong>the</strong></span> <span class='ocrx_word' id='word_1_371' title='bbox 764 3661 873 3698; x_wconf 88' lang='lat' dir='ltr'><strong>woman</strong></span> <span class='ocrx_word' id='word_1_372' title='bbox 891 3660 946 3698; x_wconf 89' lang='lat' dir='ltr'><strong>was</strong></span> <span class='ocrx_word' id='word_1_373' title='bbox 966 3644 1057 3699; x_wconf 89' lang='lat' dir='ltr'><strong>under</strong></span> <span class='ocrx_word' id='word_1_374' title='bbox 1073 3645 1185 3699; x_wconf 86' lang='lat' dir='ltr'><strong>maritat</strong></span> <span class='ocrx_word' id='word_1_375' title='bbox 1207 3645 1336 3717; x_wconf 85' lang='lat' dir='ltr'><strong>custody,</strong></span> 
     </span>
     <span class='ocr_line' id='line_1_40' title="bbox 233 3729 1334 3800; baseline 0.002 -16"><span class='ocrx_word' id='word_1_376' title='bbox 233 3732 291 3784; x_wconf 87' lang='lat' dir='ltr'><strong>and</strong></span> <span class='ocrx_word' id='word_1_377' title='bbox 309 3729 365 3782; x_wconf 91' lang='lat' dir='ltr'><strong>had</strong></span> <span class='ocrx_word' id='word_1_378' title='bbox 385 3730 480 3784; x_wconf 83' lang='lat' dir='ltr'><strong>vowed</strong></span> <span class='ocrx_word' id='word_1_379' title='bbox 501 3731 608 3800; x_wconf 83' lang='lat' dir='ltr'><strong>fidelity</strong></span> <span class='ocrx_word' id='word_1_380' title='bbox 623 3738 653 3785; x_wconf 93' lang='lat' dir='ltr'><strong>to</strong></span> <span class='ocrx_word' id='word_1_381' title='bbox 668 3731 717 3784; x_wconf 91' lang='lat' dir='ltr'><strong>the</strong></span> <span class='ocrx_word' id='word_1_382' title='bbox 737 3730 880 3794; x_wconf 86' lang='lat' dir='ltr'><strong>husband3</strong></span> <span class='ocrx_word' id='word_1_383' title='bbox 902 3745 933 3783; x_wconf 88' lang='lat' dir='ltr'><strong>so</strong></span> <span class='ocrx_word' id='word_1_384' title='bbox 955 3730 1014 3784; x_wconf 86' lang='lat' dir='ltr'><strong>also</strong></span> <span class='ocrx_word' id='word_1_385' title='bbox 1032 3730 1063 3783; x_wconf 91' lang='lat' dir='ltr'><strong>in</strong></span> <span class='ocrx_word' id='word_1_386' title='bbox 1079 3729 1128 3784; x_wconf 91' lang='lat' dir='ltr'><strong>the</strong></span> <span class='ocrx_word' id='word_1_387' title='bbox 1143 3737 1216 3785; x_wconf 86' lang='lat' dir='ltr'><strong>state</strong></span> <span class='ocrx_word' id='word_1_388' title='bbox 1231 3729 1264 3783; x_wconf 82' lang='lat' dir='ltr'><strong>of</strong></span> <span class='ocrx_word' id='word_1_389' title='bbox 1282 3730 1334 3786; x_wconf 90' lang='lat' dir='ltr'><strong>the</strong></span> 
     </span>
     <span class='ocr_line' id='line_1_41' title="bbox 233 3815 1334 3879; baseline -0.001 -8"><span class='ocrx_word' id='word_1_390' title='bbox 233 3816 374 3871; x_wconf 73' lang='lat' dir='ltr'><strong>Christian</strong></span> <span class='ocrx_word' id='word_1_391' title='bbox 384 3815 457 3879; x_wconf 87' lang='lat' dir='ltr'><strong>Lan,</strong></span> <span class='ocrx_word' id='word_1_392' title='bbox 469 3832 487 3870; x_wconf 89' lang='lat' dir='ltr'><strong>s</strong></span> <span class='ocrx_word' id='word_1_393' title='bbox 498 3817 585 3869; x_wconf 92' lang='lat' dir='ltr'><strong>uuion</strong></span> <span class='ocrx_word' id='word_1_394' title='bbox 598 3816 722 3870; x_wconf 82' lang='lat' dir='ltr'><strong>between</strong></span> <span class='ocrx_word' id='word_1_395' title='bbox 734 3831 752 3867; x_wconf 84' lang='lat' dir='ltr'><strong>a</strong></span> <span class='ocrx_word' id='word_1_396' title='bbox 761 3815 835 3868; x_wconf 86' lang='lat' dir='ltr'><strong>slavo</strong></span> <span class='ocrx_word' id='word_1_397' title='bbox 847 3815 904 3868; x_wconf 91' lang='lat' dir='ltr'><strong>and</strong></span> <span class='ocrx_word' id='word_1_398' title='bbox 915 3832 932 3868; x_wconf 91' lang='lat' dir='ltr'><strong>a</strong></span> <span class='ocrx_word' id='word_1_399' title='bbox 944 3816 1018 3869; x_wconf 92' lang='lat' dir='ltr'><strong>male</strong></span> <span class='ocrx_word' id='word_1_400' title='bbox 1029 3821 1149 3879; x_wconf 76' lang='lat' dir='ltr'><strong>serrant,</strong></span> <span class='ocrx_word' id='word_1_401' title='bbox 1161 3832 1193 3869; x_wconf 90' lang='lat' dir='ltr'><strong>or</strong></span> <span class='ocrx_word' id='word_1_402' title='bbox 1204 3815 1334 3870; x_wconf 86' lang='lat' dir='ltr'><strong>between</strong></span> 
     </span>
     <span class='ocr_line' id='line_1_42' title="bbox 232 3899 1335 3973; baseline -0.001 -17"><span class='ocrx_word' id='word_1_403' title='bbox 232 3918 251 3956; x_wconf 86' lang='lat' dir='ltr'><strong>a</strong></span> <span class='ocrx_word' id='word_1_404' title='bbox 264 3901 326 3954; x_wconf 82' lang='lat' dir='ltr'><strong>free</strong></span> <span class='ocrx_word' id='word_1_405' title='bbox 338 3915 403 3952; x_wconf 88' lang='lat' dir='ltr'><strong>man</strong></span> <span class='ocrx_word' id='word_1_406' title='bbox 415 3899 471 3952; x_wconf 89' lang='lat' dir='ltr'><strong>and</strong></span> <span class='ocrx_word' id='word_1_407' title='bbox 483 3918 501 3954; x_wconf 89' lang='lat' dir='ltr'><strong>a</strong></span> <span class='ocrx_word' id='word_1_408' title='bbox 514 3900 616 3954; x_wconf 81' lang='lat' dir='ltr'><strong>female</strong></span> <span class='ocrx_word' id='word_1_409' title='bbox 630 3901 716 3964; x_wconf 86' lang='lat' dir='ltr'><strong>slave,</strong></span> <span class='ocrx_word' id='word_1_410' title='bbox 731 3901 787 3953; x_wconf 91' lang='lat' dir='ltr'><strong>will</strong></span> <span class='ocrx_word' id='word_1_411' title='bbox 799 3901 834 3954; x_wconf 92' lang='lat' dir='ltr'><strong>be</strong></span> <span class='ocrx_word' id='word_1_412' title='bbox 847 3917 864 3954; x_wconf 92' lang='lat' dir='ltr'><strong>a</strong></span> <span class='ocrx_word' id='word_1_413' title='bbox 878 3907 941 3954; x_wconf 90' lang='lat' dir='ltr'><strong>true</strong></span> <span class='ocrx_word' id='word_1_414' title='bbox 954 3901 1108 3973; x_wconf 86' lang='lat' dir='ltr'><strong>marriage;</strong></span> <span class='ocrx_word' id='word_1_415' title='bbox 1122 3900 1206 3954; x_wconf 93' lang='lat' dir='ltr'><strong>much</strong></span> <span class='ocrx_word' id='word_1_416' title='bbox 1221 3917 1300 3955; x_wconf 90' lang='lat' dir='ltr'><strong>moro</strong></span> <span class='ocrx_word' id='word_1_417' title='bbox 1315 3918 1335 3955; x_wconf 92' lang='lat' dir='ltr'><strong>a</strong></span> 
     </span>
     <span class='ocr_line' id='line_1_43' title="bbox 230 3984 1333 4056; baseline -0.002 -15"><span class='ocrx_word' id='word_1_418' title='bbox 230 3986 319 4041; x_wconf 89' lang='lat' dir='ltr'><strong>union</strong></span> <span class='ocrx_word' id='word_1_419' title='bbox 339 3984 467 4039; x_wconf 88' lang='lat' dir='ltr'><strong>between</strong></span> <span class='ocrx_word' id='word_1_420' title='bbox 485 4002 503 4038; x_wconf 83' lang='lat' dir='ltr'><strong>a</strong></span> <span class='ocrx_word' id='word_1_421' title='bbox 524 3986 623 4039; x_wconf 83' lang='lat' dir='ltr'><strong>citizen</strong></span> <span class='ocrx_word' id='word_1_422' title='bbox 640 3984 697 4038; x_wconf 90' lang='lat' dir='ltr'><strong>and</strong></span> <span class='ocrx_word' id='word_1_423' title='bbox 715 4003 733 4038; x_wconf 88' lang='lat' dir='ltr'><strong>a</strong></span> <span class='ocrx_word' id='word_1_424' title='bbox 754 3985 902 4056; x_wconf 79' lang='lat' dir='ltr'><strong>foreigner,</strong></span> <span class='ocrx_word' id='word_1_425' title='bbox 925 4003 958 4039; x_wconf 92' lang='lat' dir='ltr'><strong>or</strong></span> <span class='ocrx_word' id='word_1_426' title='bbox 979 4003 997 4040; x_wconf 90' lang='lat' dir='ltr'><strong>a</strong></span> <span class='ocrx_word' id='word_1_427' title='bbox 1014 3993 1127 4040; x_wconf 88' lang='lat' dir='ltr'><strong>senator</strong></span> <span class='ocrx_word' id='word_1_428' title='bbox 1143 3985 1200 4039; x_wconf 92' lang='lat' dir='ltr'><strong>and</strong></span> <span class='ocrx_word' id='word_1_429' title='bbox 1217 4003 1235 4039; x_wconf 93' lang='lat' dir='ltr'><strong>a</strong></span> <span class='ocrx_word' id='word_1_430' title='bbox 1250 3984 1333 4040; x_wconf 81' lang='lat' dir='ltr'><strong>freed</strong></span> 
     </span>
     <span class='ocr_line' id='line_1_44' title="bbox 230 4068 1333 4144; baseline -0.001 -19"><span class='ocrx_word' id='word_1_431' title='bbox 230 4086 339 4126; x_wconf 83' lang='lat' dir='ltr'><strong>woman</strong></span> <span class='ocrx_word' id='word_1_432' title='bbox 347 4088 356 4134; x_wconf 85' lang='lat'>;</span> <span class='ocrx_word' id='word_1_433' title='bbox 371 4068 397 4123; x_wconf 85' lang='lat' dir='ltr'><strong>if</strong></span> <span class='ocrx_word' id='word_1_434' title='bbox 408 4068 456 4123; x_wconf 90' lang='lat' dir='ltr'><strong>the</strong></span> <span class='ocrx_word' id='word_1_435' title='bbox 472 4070 628 4124; x_wconf 77' lang='lat' dir='ltr'><strong>conditione</strong></span> <span class='ocrx_word' id='word_1_436' title='bbox 643 4068 732 4124; x_wconf 88' lang='lat' dir='ltr'><strong>which</strong></span> <span class='ocrx_word' id='word_1_437' title='bbox 751 4087 799 4124; x_wconf 89' lang='lat' dir='ltr'><strong>are</strong></span> <span class='ocrx_word' id='word_1_438' title='bbox 816 4088 962 4144; x_wconf 77' lang='lat' dir='ltr'><strong>necessary</strong></span> <span class='ocrx_word' id='word_1_439' title='bbox 974 4072 1011 4142; x_wconf 84' lang='lat' dir='ltr'><strong>by</strong></span> <span class='ocrx_word' id='word_1_440' title='bbox 1026 4071 1174 4126; x_wconf 88' lang='lat' dir='ltr'><strong>instituted</strong></span> <span class='ocrx_word' id='word_1_441' title='bbox 1189 4070 1333 4125; x_wconf 85' lang='lat' dir='ltr'><strong>Christian</strong></span> 
     </span>
     <span class='ocr_line' id='line_1_45' title="bbox 230 4154 1332 4227; baseline -0.004 -15"><span class='ocrx_word' id='word_1_442' title='bbox 230 4159 297 4212; x_wconf 86' lang='lat' dir='ltr'><strong>Law</strong></span> <span class='ocrx_word' id='word_1_443' title='bbox 309 4171 358 4211; x_wconf 88' lang='lat' dir='ltr'><strong>are</strong></span> <span class='ocrx_word' id='word_1_444' title='bbox 368 4160 491 4227; x_wconf 84' lang='lat' dir='ltr'><strong>present,</strong></span> <span class='ocrx_word' id='word_1_445' title='bbox 505 4154 625 4226; x_wconf 80' lang='lat' dir='ltr'><strong>namely,</strong></span> <span class='ocrx_word' id='word_1_446' title='bbox 639 4155 688 4208; x_wconf 90' lang='lat' dir='ltr'><strong>the</strong></span> <span class='ocrx_word' id='word_1_447' title='bbox 699 4156 881 4210; x_wconf 89' lang='lat' dir='ltr'><strong>indissoluble</strong></span> <span class='ocrx_word' id='word_1_448' title='bbox 893 4158 1072 4227; x_wconf 91' lang='lat' dir='ltr'><strong>conjunction</strong></span> <span class='ocrx_word' id='word_1_449' title='bbox 1085 4156 1118 4210; x_wconf 84' lang='lat' dir='ltr'><strong>of</strong></span> <span class='ocrx_word' id='word_1_450' title='bbox 1127 4173 1181 4210; x_wconf 92' lang='lat' dir='ltr'><strong>one</strong></span> <span class='ocrx_word' id='word_1_451' title='bbox 1196 4172 1261 4208; x_wconf 85' lang='lat' dir='ltr'><strong>man</strong></span> <span class='ocrx_word' id='word_1_452' title='bbox 1273 4157 1332 4209; x_wconf 90' lang='lat' dir='ltr'><strong>and</strong></span> 
     </span>
     <span class='ocr_line' id='line_1_46' title="bbox 230 4238 1332 4312; baseline -0.005 -13"><span class='ocrx_word' id='word_1_453' title='bbox 230 4260 285 4299; x_wconf 90' lang='lat' dir='ltr'><strong>oue</strong></span> <span class='ocrx_word' id='word_1_454' title='bbox 300 4258 423 4305; x_wconf 90' lang='lat' dir='ltr'><strong>woman;</strong></span> <span class='ocrx_word' id='word_1_455' title='bbox 440 4238 576 4310; x_wconf 90' lang='lat' dir='ltr'><strong>although</strong></span> <span class='ocrx_word' id='word_1_456' title='bbox 590 4256 667 4293; x_wconf 86' lang='lat' dir='ltr'><strong>semo</strong></span> <span class='ocrx_word' id='word_1_457' title='bbox 688 4240 784 4296; x_wconf 82' lang='lat' dir='ltr'><strong>effecte</strong></span> <span class='ocrx_word' id='word_1_458' title='bbox 799 4241 833 4295; x_wconf 85' lang='lat' dir='ltr'><strong>of</strong></span> <span class='ocrx_word' id='word_1_459' title='bbox 849 4241 897 4296; x_wconf 91' lang='lat' dir='ltr'><strong>the</strong></span> <span class='ocrx_word' id='word_1_460' title='bbox 913 4243 982 4296; x_wconf 79' lang='lat' dir='ltr'><strong>civil</strong></span> <span class='ocrx_word' id='word_1_461' title='bbox 1004 4243 1070 4295; x_wconf 84' lang='lat' dir='ltr'><strong>Low</strong></span> <span class='ocrx_word' id='word_1_462' title='bbox 1085 4258 1149 4312; x_wconf 84' lang='lat' dir='ltr'><strong>may</strong></span> <span class='ocrx_word' id='word_1_463' title='bbox 1163 4248 1214 4294; x_wconf 90' lang='lat' dir='ltr'><strong>not</strong></span> <span class='ocrx_word' id='word_1_464' title='bbox 1234 4240 1332 4294; x_wconf 85' lang='lat' dir='ltr'><strong>follow</strong></span> 
     </span>
     <span class='ocr_line' id='line_1_47' title="bbox 229 4325 1329 4399; baseline -0.005 -12"><span class='ocrx_word' id='word_1_465' title='bbox 229 4329 286 4387; x_wconf 83' lang='lat' dir='ltr'><strong>this</strong></span> <span class='ocrx_word' id='word_1_466' title='bbox 297 4329 392 4395; x_wconf 88' lang='lat' dir='ltr'><strong>union,</strong></span> <span class='ocrx_word' id='word_1_467' title='bbox 406 4344 438 4382; x_wconf 91' lang='lat' dir='ltr'><strong>or</strong></span> <span class='ocrx_word' id='word_1_468' title='bbox 449 4342 526 4382; x_wconf 90' lang='lat' dir='ltr'><strong>some</strong></span> <span class='ocrx_word' id='word_1_469' title='bbox 533 4325 624 4379; x_wconf 90' lang='lat' dir='ltr'><strong>which</strong></span> <span class='ocrx_word' id='word_1_470' title='bbox 635 4326 727 4380; x_wconf 88' lang='lat' dir='ltr'><strong>would</strong></span> <span class='ocrx_word' id='word_1_471' title='bbox 739 4327 956 4399; x_wconf 79' lang='lat' dir='ltr'><strong>spontaneously</strong></span> <span class='ocrx_word' id='word_1_472' title='bbox 967 4327 1061 4382; x_wconf 79' lang='lat' dir='ltr'><strong>follow</strong></span> <span class='ocrx_word' id='word_1_473' title='bbox 1070 4344 1134 4397; x_wconf 83' lang='lat' dir='ltr'><strong>may</strong></span> <span class='ocrx_word' id='word_1_474' title='bbox 1144 4326 1179 4380; x_wconf 92' lang='lat' dir='ltr'><strong>be</strong></span> <span class='ocrx_word' id='word_1_475' title='bbox 1187 4325 1329 4396; x_wconf 89' lang='lat' dir='ltr'><strong>impeded.</strong></span> 
     </span>
    </p>
   </div>
   <div class='ocr_carea' id='block_1_10' title="bbox 0 0 1438 4906">
    <p class='ocr_par' dir='ltr' id='par_1_15' title="bbox 0 0 1438 4906">
     <span class='ocr_line' id='line_1_48' title="bbox 0 0 1438 4906; baseline 0 3"><span class='ocrx_word' id='word_1_476' title='bbox 0 0 1438 4906; x_wconf 95' lang='lat' dir='ltr'><strong> </strong></span> 
     </span>
    </p>
   </div>
  </div>
 </body>
</html>
