2866 4906
192 234 285 301 xxviii
613 244 641 300 d.
665 245 927 302 BARBEYRACII

191 409 344 496 uctredi).
394 408 575 499 Aliquando
593 408 655 474 duo
672 409 740 475 loca
761 409 956 476 diversorum
974 407 1168 497 Scriptorum
1193 408 1226 475 in
1247 433 1343 478 unum

191 511 439 599 compinguntur,
456 519 492 576 ut
508 510 624 576 servu
641 518 673 576 et
691 510 845 587 Serenum,
867 509 935 575 Lib.
951 511 992 575 11.
1011 531 1077 598 cap.
1094 533 1128 576 11.
1148 516 1162 596 ι
1184 513 1235 587 13.
1258 533 1342 579 num.

191 611 223 686 5,
240 619 316 676 nota
330 612 387 697 (p).

266 708 443 797 Saepissime
462 718 567 775 autem
594 707 722 790 Auctor,
749 709 832 776 unde
858 709 976 797 aliquid
1004 709 1132 796 pctitur,
1162 709 1342 796 simpliciter

190 808 314 875 nomine
334 831 389 875 suc
412 809 617 888 indicabatur,
644 809 730 874 nulla
744 809 900 875 mentione
916 811 1003 876 facta
1022 810 1144 897 Operis,
1167 809 1264 886 Libri,
1287 832 1342 875 ne-

191 909 266 974 dum
284 908 402 995 Capitis
418 916 474 974 aut
490 909 629 986 Versus;
655 909 735 974 adeo
759 917 804 984 ut,
831 909 945 996 siquis
966 908 1067 974 locum
1088 930 1231 994 quaercre
1254 909 1342 975 volu·

190 1007 260 1083 erit,
283 1029 375 1093 quem
399 1029 567 1094 numquam
589 1007 720 1096 legerat,
745 1017 801 1073 aut
823 1007 910 1095 cujus
931 1031 993 1073 non
1018 1009 1211 1083 meminerat,
1239 1009 1342 1074 omnia

191 1107 299 1193 Opera
315 1106 434 1172 laudati
452 1106 619 1193 Scriptoris
636 1107 665 1171 ei
682 1096 894 1193 persolvenda
910 1108 1045 1174 fuerint:
1071 1108 1153 1193 qnod
1171 1108 1215 1173 ita
1232 1107 1342 1174 moles·

189 1214 256 1271 tum
273 1215 329 1282 est,
347 1205 522 1291 praesertim
536 1205 562 1270 si
578 1228 701 1294 magnae
719 1206 807 1271 molis
821 1206 863 1271 sit
877 1207 1025 1283 collectio,
1048 1206 1148 1291 qualis
1165 1206 1249 1272 haud
1267 1229 1340 1273 raro

190 1305 334 1386 occurrit,
364 1314 400 1370 ut
426 1303 567 1391 plerique
591 1306 739 1370 Lectores
765 1304 875 1371 malint
897 1305 1036 1383 Auctori,
1062 1306 1144 1370 forte
1173 1326 1340 1392 perperam

188 1404 265 1469 alios
282 1404 315 1468 iu
332 1403 539 1470 testimonium
557 1404 689 1479 vocanti,
707 1403 799 1469 fidem
816 1404 944 1484 habere,
968 1414 1023 1470 aut
1039 1425 1116 1480 rem,
1138 1403 1179 1470 de
1195 1426 1257 1490 qna
1273 1405 1341 1493 agi-

189 1512 252 1580 tur,
269 1525 331 1568 non
348 1503 423 1568 satis
443 1501 627 1589 intelligere,
650 1524 742 1588 quam
765 1511 886 1567 tantum
908 1502 1046 1568 laborem
1069 1504 1230 1588 quaerendi
1250 1504 1283 1569 in
1305 1526 1340 1569 se

189 1601 353 1687 suscipere,
367 1623 436 1667 cum
453 1600 589 1687 periculo
605 1600 699 1666 etiam
715 1622 819 1688 opera
834 1601 952 1666 frustra
967 1602 1124 1687 impensae.
1162 1602 1339 1687 Aliquando

188 1700 341 1787 equidem,
359 1700 408 1766 vel
425 1722 464 1764 ex
478 1699 645 1778 Indicibns,
664 1700 714 1765 vel
730 1723 771 1765 ex
788 1701 936 1766 memoria
951 1713 1067 1776 nostra,
1085 1700 1136 1765 vel
1152 1722 1192 1765 ex
1208 1724 1244 1767 re
1260 1701 1338 1788 ipsa,

188 1801 255 1865 loca
270 1801 412 1886 quaedam
429 1799 513 1865 haud
530 1798 576 1864 ita
592 1798 754 1865 difficulter
768 1799 924 1886 potuimus
939 1800 1089 1865 invenire.
1130 1800 1192 1865 Sed
1203 1800 1338 1886 plerum-

189 1921 250 1987 que
265 1899 338 1964 inde
355 1899 431 1964 nihil
454 1898 541 1964 nobis
565 1909 635 1964 erat
651 1897 787 1974 subsidii,
810 1908 846 1964 ut
862 1921 901 1964 ex
918 1899 1046 1986 propria
1063 1899 1254 1986 experientia
1271 1899 1339 1986 qui·

189 2000 245 2076 vis,
271 1998 297 2064 si
317 1999 400 2075 velit,
426 1998 516 2063 facile
534 1998 651 2084 poterit
673 1997 856 2086 intelligere.
905 1998 977 2063 Hoc
1001 2008 1185 2064 tamennon
1205 1999 1336 2075 obstitit,

189 2098 351 2184 quominus
367 2098 434 2163 loca
447 2097 515 2163 fere
532 2096 644 2174 omnia,
664 2119 733 2185 quse
750 2097 877 2184 alicujus
892 2106 983 2163 erant
999 2097 1155 2174 momenti,
1176 2098 1265 2163 citius
1281 2109 1338 2164 aut

188 2198 286 2263 serius
311 2197 539 2263 invenerimus:
566 2197 645 2262 adeo
670 2205 707 2262 ut
732 2218 802 2282 qna
826 2197 928 2262 adhuc
953 2196 1138 2263 invenienda
1160 2207 1335 2283 supersunt,

187 2306 244 2362 aut
268 2319 289 2363 a
315 2297 403 2363 nobis
427 2295 608 2384 investigari
630 2318 693 2361 non
718 2306 896 2383 potnerunt,
921 2297 1004 2383 quod
1022 2296 1119 2373 Libri,
1140 2297 1223 2361 unde
1239 2296 1337 2362 addu-

188 2406 309 2474 cuntur,
331 2419 393 2462 non
410 2405 514 2462 essent
529 2397 570 2462 ad
587 2418 722 2470 manum,
746 2395 928 2482 paucissima
943 2396 1015 2472 sint,
1041 2417 1108 2482 prae
1125 2395 1258 2462 maximo
1280 2417 1338 2460 nu-

187 2518 274 2562 mero
290 2505 495 2584 repertorum,
518 2504 551 2561 et
570 2494 803 2561 adcuratissime
818 2517 839 2560 a
860 2495 950 2561 nobis
971 2496 1021 2560 vel
1043 2495 1159 2582 inipso
1178 2505 1335 2574 contextu,

188 2597 238 2662 vel
254 2596 286 2661 in
303 2597 455 2684 margine,
469 2594 519 2659 vel
532 2594 564 2658 in
581 2595 681 2673 Notis,
701 2593 942 2681 designatorum.
983 2595 1222 2679 Nonnumquam
1236 2594 1336 2679 ipsum

187 2715 299 2760 nomen
318 2694 494 2781 Scriptoris,
518 2714 557 2758 ex
575 2715 635 2778 qno
653 2693 750 2759 verba
767 2692 909 2777 qnaedam
936 2694 1053 2757 Auctor
1075 2700 1181 2757 noster
1198 2692 1337 2779 exscrip-

187 2801 281 2870 serat,
304 2793 423 2858 incuria
438 2791 540 2856 nescio
559 2791 655 2877 cujus,
681 2790 826 2855 omissum
847 2790 961 2869 fuerat,
988 2800 1023 2856 ut
1044 2792 1193 2857 Drouoar
1211 2792 1334 2869 Sinum,

187 2892 256 2958 Lib.
278 2893 322 2957 Il.
353 2913 420 2978 cap.
445 2912 504 2956 xx.
533 2894 618 2976 §30,
646 2899 722 2956 nota
738 2892 788 2974 (s).
843 2890 923 2956 Sunt
952 2890 1046 2957 etiam
1074 2890 1151 2968 loca,
1182 2913 1253 2978 quse
1281 2892 1336 2957 diu

186 2992 304 3057 frustra
321 2991 460 3076 quaesita,
478 2990 674 3076 quantumvis
695 2989 845 3077 pertinaci
869 2990 986 3066 labore,
1007 3011 1175 3077 numquam
1196 2991 1336 3076 reperire

186 3091 400 3176 potuissemus,
423 3090 480 3155 uisi
496 3088 577 3155 sorte
594 3089 678 3155 aliud
695 3088 818 3176 agendo
841 3110 908 3154 sese
931 3089 1020 3155 nobis
1042 3112 1082 3155 ex
1097 3089 1264 3176 improviso
1281 3089 1336 3154 ob-

186 3189 336 3256 tulissent.
387 3192 432 3255 Et
446 3198 550 3255 tamen
568 3188 643 3254 talin
664 3188 821 3254 interdum
838 3188 969 3276 pessime
993 3189 1110 3266 adlata,
1135 3199 1191 3254 ant
1216 3196 1334 3274 aptata,

186 3289 466 3376 deprehendimus:
500 3288 585 3375 cujus
619 3287 665 3353 rei
692 3287 847 3375 specimen
880 3288 1093 3375 suppeditabit
1125 3289 1335 3376 fragmentum

185 3391 343 3475 Diorrpeii
359 3391 486 3456 Milesii
505 3388 589 3476 apud
605 3389 879 3464 Percosrunrnu,
904 3388 988 3454 unde
1004 3389 1122 3455 Auctor
1138 3386 1336 3471 nostertaci-

185 3497 236 3556 tus
258 3489 335 3555 illud
359 3489 520 3565 retulerat,
549 3487 618 3555 Lib.
645 3487 691 3553 ΙΙ.
721 3508 787 3574 cap.
804 3507 884 3552 xxv.
913 3491 977 3574 59.
1008 3511 1094 3555 num.
1123 3491 1153 3556 1.
1181 3487 1235 3554 ubi
1264 3485 1335 3551 vide

184 3597 291 3654 notam
309 3591 339 3654 8.

261 3688 324 3754 Sed
341 3697 374 3755 et
389 3685 472 3764 alibi,
495 3686 562 3754 sive
581 3687 681 3766 facile,
706 3687 773 3753 sive
790 3686 951 3753 difficulter
974 3686 1042 3753 loca
1058 3685 1185 3752 laudata
1207 3684 1335 3755 inventa

183 3809 203 3852 a
220 3786 308 3852 nobis
323 3787 448 3864 fuerint,
475 3808 598 3853 errores
621 3788 700 3853 bene
721 3786 834 3853 multos
854 3785 1097 3862 observavimus,
1122 3794 1187 3851 tnm
1210 3786 1243 3851 in
1259 3787 1334 3853 locis

183 3886 354 3952 Auctorum
375 3886 586 3952 exscribendis
607 3894 664 3951 aut
684 3885 852 3963 vertendis,
876 3893 943 3951 tum
966 3884 1122 3950 incorum
1145 3884 1269 3951 adrem
1287 3887 1333 3974 ip-

183 4007 260 4062 sam,
277 3985 318 4051 de
334 4006 397 4072 qua
415 3986 530 4074 agitur,
552 3984 847 4051 adcommodatione.
897 3985 1021 4049 Horum
1039 3982 1173 4049 omnium
1190 3987 1333 4073 exempla

183 4085 326 4151 volumen
352 4084 505 4172 aperienti
533 4085 638 4151 statim
663 4107 731 4150 seso
755 4085 896 4151 offerent
943 4084 1019 4149 Loci
1048 4083 1139 4148 simul
1167 4106 1333 4171 perperam

183 4184 330 4272 descripti
347 4194 380 4251 et
396 4184 478 4250 versi
495 4207 589 4250 unum
606 4183 744 4250 indicare
760 4182 935 4250 suffecerit:
961 4183 987 4247 is
1004 4192 1053 4250 est
1069 4184 1222 4261 Jossvui,
1246 4183 1333 4271 cujus

184 4285 282 4351 verba
303 4285 482 4350 referuntur
504 4284 573 4354 Lib.
591 4284 618 4351 Ι.
643 4305 709 4370 cap.
726 4304 769 4350 1v.
798 4291 811 4370 5
829 4283 861 4361 7,
885 4291 960 4348 nota
975 4285 1034 4370 (y).
1081 4285 1200 4348 Auctor
1216 4293 1331 4361 noster,

181 4395 218 4451 nt
234 4385 355 4474 probet,
373 4384 540 4452 secundnm
556 4383 715 4472 quosdam,
730 4405 817 4471 spem
834 4381 1068 4448 resurrectionis
1084 4404 1223 4449 caussam
1238 4382 1333 4450 fuisse
