2866 4906
217 184 280 249 246
508 192 560 247 DE
583 192 656 258 HIS,
679 191 770 256 QUAE
793 190 1012 247 HOMINIBUS
1186 188 1259 257 [Ins.
1274 191 1313 252 ΙΙ,

215 359 315 437 codol,
332 358 365 425 id
379 356 485 425 demui
501 356 568 423 vics
585 355 725 445 reputari
739 377 802 421 non
818 354 920 421 debet.
964 352 1170 430 Testimoniis,
1188 374 1259 439 quae
1274 352 1318 419 ed

215 459 295 524 hunc
308 480 373 524 rem
389 456 593 545 produximus
607 455 692 534 alibi,
706 455 856 521 addemus
867 475 963 519 unum
981 456 1042 518 ⁰ex
1055 451 1206 518 Philone:
1224 455 1317 521 πᾶσα

215 549 432 626 διθάλαττα
450 558 643 681 φορτηγοῖς
662 551 797 624 ὁλκᾶσιν
814 546 977 624 ἀκινδύνως
999 545 1199 629 διαπλεῖται,
1225 551 1314 620 κατὰ

216 654 277 728 τοὶς
293 649 515 729 corrisiones
490 684 532 722 ων
553 650 717 735 ἀλλήλαις
732 647 910 742 ἀγαθῶν
889 652 1132 720 αντεκτίνονσιν
1151 649 1185 718 ai
1198 655 1314 773 χῶραι

215 757 374 826 κοινωνίας
389 750 499 847 ἱμέρῳ,
517 783 564 822 τα
581 749 641 835 μὲν
657 745 809 822 ἐνδέοντα
826 743 1111 835 λαμβάνουσαι,
1086 780 1128 819 ων
1141 742 1212 817 δε
1192 778 1315 839 αγουσι

214 858 401 947 περιουσίαν
417 848 684 936 tivt'tttetmovo'at
717 847 840 945 φθθνθς
857 847 928 942 ’γὰρ
943 843 1170 919 Ουδέπθῗθ
1124 879 1235 917 πᾶσαν
1252 878 1317 930 'fni'

215 949 396 1034 οἰκουμένην
417 948 607 1045 ἐκράτησεν,
630 947 709 1020 α’λλ
726 943 862 1019 auli
817 979 879 1023 τας
894 946 1049 1038 μεγαλας
1068 945 1172 1030 αυτῆς
1189 945 1316 1018 ἄποτα·

211 1049 280 1135 μυίς·
321 1055 421 1118 Mare
450 1074 541 1117 omne
568 1053 707 1117 nauibus
733 1051 896 1116 onerariie
919 1061 987 1114 tuto
1013 1051 1098 1114 eatis
1123 1051 1314 1131 ιιαυίραιαυ,

212 1155 267 1218 1'eo
288 1153 474 1217 commercio
500 1153 585 1234 quod
606 1172 645 1216 eu
667 1149 835 1214 naturalis
860 1151 1024 1214 societatis
1046 1148 1206 1213 desiderio
1229 1149 1315 1213 inter

211 1253 359 1316 nationes
381 1251 568 1323 intercedit,
591 1252 673 1314 dum
688 1260 799 1312 mutuo
815 1249 963 1312 aliarum
979 1249 1075 1332 copia
1096 1248 1244 1311 aliarum
1263 1249 1315 1311 in·

211 1351 295 1434 opta
311 1351 481 1415 succurrit.
532 1348 626 1412 Nam
646 1349 778 1412 inuidia
794 1368 959 1433 nunquam
983 1358 1043 1411 aut
1059 1348 1166 1411 orbem
1187 1348 1313 1411 uniuer-

46 1478 100 1524 ουν.
108 1476 181 1524 nme
210 1471 294 1523 eum,
313 1461 372 1514 aut
389 1469 528 1559 ιιιαριυατ
544 1447 611 1529 ορατ
623 1457 738 1531 partes
753 1447 886 1510 inuasit.
920 1443 1061 1510 Alterum
1077 1466 1117 1509 ex
1133 1444 1313 1521 Plutarcho,

48 1523 116 1570 ΜΡ
127 1532 148 1570 Ρ
155 1522 198 1566 ⁹⁵⁷
211 1568 265 1633 qul
255 1545 320 1611 do
334 1544 412 1610 muri
428 1545 472 1610 sic
486 1537 674 1630 loquiturt‘
628 1572 773 1636 ,αγριον
785 1572 869 1611 οντα
883 1573 934 1611 και
928 1538 1200 1630 α’σιίμβολον
1157 1573 1220 1612 τον
1232 1540 1310 1628 βίον

213 1674 318 1713 ταντα
336 1641 378 1711 ‘rel
401 1645 574 1736 στοιχεῖον
590 1646 721 1732 συνῆψε
737 1640 790 1710 καί
807 1638 939 1711 τέλειον
954 1639 1103 1724 ἐποίησε,
1126 1635 1311 1734 διορθούμε-

214 1772 266 1812 νον
283 1745 357 1815 maie
377 1738 454 1835 παρ’
472 1736 631 1823 ἀλλήλων
648 1738 851 1833 ἐπικουρίαις,
876 1739 929 1809 καί
946 1735 1135 1811 ἀντιδόσεσι
1150 1743 1312 1809 κοινωνίαν

212 1836 435 1934 ἐργαζόμενον
453 1840 506 1908 καί
534 1843 658 1935 φιλίαν·
708 1843 817 1907 Vitam
838 1853 984 1906 nostram
1000 1844 1115 1925 feram
1137 1842 1263 1926 alioqui
1281 1852 1312 1907 et

211 1942 473 2008 commerciorum
493 1952 657 2015 οττοκιοιιι,
681 1941 741 2005 hoc
756 1940 941 2004 elementum
963 1942 1102 2005 sociauit
1124 1951 1221 2024 atque
1232 1961 1312 2024 per·

201 2042 297 2126 fecit,
319 2040 470 2125 supplens
492 2041 578 2124 quod
599 2041 709 2103 deerat
728 2059 785 2123 ορο
805 2051 928 2113 multuo,
953 2050 983 2105 et
996 2039 1239 2124 permutatione
1260 2060 1312 2103 re-

210 2162 285 2205 rum
304 2143 487 2205 societatem
503 2139 749 2223 amicitiamque
770 2139 957 2203 conciliaus.
1012 2137 1143 2214 Quicum
1168 2135 1312 2201 convenit

212 2236 335 2303 Libanii
349 2236 445 2302 illud:
462 2232 499 2304 orl
511 2230 572 2315 μέν
583 2265 634 2303 τοι
649 2234 762 2305 πάντα
773 2263 817 2323 γε
835 2236 936 2303 πᾶσιν
950 2229 1052 2316 ἔνειμε
1064 2231 1205 2328 μέρεσιν,
1220 2231 1314 2304 ἀλλὰ

211 2329 311 2433 διῄρει
328 2331 374 2404 τοί
390 2329 477 2428 δῶρα
494 2331 580 2403 κατὰ
597 2330 673 2404 'roris
690 2335 828 2427 χείρονι,
853 2334 896 2402 εἷς
912 2336 1074 2403 κοινωνίαν
1090 2330 1168 2406 ‘rotis
1187 2329 1314 2428 ἀνθρώ-

239 2519 252 2544 ⁰
266 2510 308 2555 Er
314 2507 429 2570 Philone]
440 2509 633 2570 Inlsgsnoneud
640 2508 734 2555 Caium.
782 2507 837 2567 tina
847 2505 968 2562 imbrium,
979 2506 1097 2553 deriuatio
1104 2506 1265 2564 alluvionum,
1274 2507 1313 2553 in-

211 2583 287 2645 (Ραρ.
300 2585 353 2642 998,
363 2584 430 2646 999.)
784 2583 858 2628 occtio
874 2588 1047 2640 commeatuum,
1070 2597 1119 2643 quo
1134 2582 1182 2630 rili
1197 2583 1311 2629 distantes

241 2666 253 2699 ι
267 2658 307 2703 Εο
326 2657 464 2704 commercio
481 2656 547 2717 quod
566 2672 595 2704 er
615 2656 737 2702 naturalis
781 2657 868 2717 popuii
877 2657 1032 2716 copulantur.-
1044 2672 1098 2718 quse
1109 2673 1139 2705 ex
1148 2659 1237 2704 Basilio
1247 2672 1313 2703 snm-

210 2733 329 2781 rocietatis
343 2733 459 2779 desiderio
473 2733 534 2778 inter
549 2733 654 2778 nationes
666 2732 737 2777 inter·
785 2730 967 2777 ιαΗιααὲυιττι·
978 2744 1011 2778 ιν.
1028 2732 1150 2792 (Primii,
1161 2731 1198 2790 46,
1209 2732 1279 2778 Torn.
1292 2744 1310 2777 1.

210 2808 280 2868 cedit]
293 2810 388 2855 Servius
397 2807 431 2854 ad
436 2807 555 2868 Eclooum
565 2820 599 2853 iv.
616 2806 736 2865 (vemet)
785 2806 836 2854 Ed.
846 2805 934 2853 Paris.
945 2806 1026 2866 1638.)
1051 2807 1122 2853 Μαι-ο
1132 2808 1211 2852 iorum
1220 2806 1312 2863 mnndi,

209 2884 331 2944 nauiqatio
341 2898 369 2928 ου
382 2882 528 2929 mercimonii
541 2882 634 2927 ratione
645 2879 737 2926 dercen-
785 2880 874 2927 insnlns
884 2882 999 2928 stationes
1009 2882 1034 2927 in
1044 2881 1111 2938 msri,
1122 2882 1245 2942 eleganter
1252 2881 1314 2927 dixit

210 2957 253 3005 dit.
285 2959 352 3004 Idem
368 2957 399 3003 ud
416 2956 553 3015 Georgicon
565 2968 585 3003 1.
595 2955 669 3014 (uers-
680 2952 736 3014 137)
786 2955 816 3001 ds
831 2955 981 3014 providentis
1004 2969 1033 3002 11.
1055 2956 1229 3002 Theodorstus.
1258 2955 1312 3002 Ad-

208 3032 336 3092 munificat,
351 3032 486 3077 necestitate
501 3028 686 3090 querendarum
700 3041 737 3075 re·
782 3029 884 3090 jnngum
900 3031 937 3077 his
948 3031 1111 3091 chrysostomi
1123 3031 1158 3077 ad
1168 3029 1312 3078 Steteclsium

209 3119 266 3151 rum
290 3105 394 3151 nominer
417 3104 549 3165 neumandi
567 3104 683 3164 peritiam
708 3116 738 3150 ac
786 3105 873 3151 verba:
890 3105 919 3151 τί
933 3104 964 3151 ἄν
977 3122 1017 3151 τις
1033 3104 1100 3151 rimor
1119 3105 1168 3161 τήν
1185 3106 1249 3165 πρὸς
1263 3104 1312 3151 reis

208 3179 442 3240 audiumreperisse,
456 3179 738 3226 communerationem
786 3178 913 3239 ἐπιμιξίας
937 3179 1053 3226 εὐκολίαν
1080 3180 1213 3240 γενομένην
1237 3178 1311 3239 siaiu

207 3261 292 3317 palere
319 3257 477 3304 commercium
503 3253 585 3302 maris.
634 3253 738 3314 [Ultima
785 3255 825 3300 ivn
843 3253 894 3313 ‘yria
909 3252 942 3313 μιί
962 3256 1008 3308 τῆς
1028 3253 1171 3314 ὁδοιπορίας
1189 3253 1220 3300 τὸ
1234 3255 1311 3312 μῆκος

208 3332 290 3386 verbs,
308 3329 431 3377 Commune
442 3329 536 3386 honum,
552 3328 607 3384 dte..
622 3342 670 3374 non
681 3333 738 3374 sunt
786 3328 921 3388 ἀποτροπή
932 3328 1049 3387 γίγνοιτο
1064 3331 1110 3383 τῆς
1124 3326 1255 3374 συνουσίαι
1265 3329 1314 3382 τῆς

210 3405 292 3462 Servii,
314 3407 356 3451 ssd
378 3407 484 3460 Senecio,
507 3405 548 3451 Dc
568 3405 651 3463 Benefi
676 3417 693 3449 ι.
714 3405 737 3449 8.
786 3404 850 3461 πρὸς
875 3403 1012 3460 ἀλλήλους,
1040 3402 1231 3460 ἐπιτομωτέραν
1255 3400 1313 3447 ὁδὸν

209 3479 236 3526 J.
243 3478 288 3538 B.]
298 3481 439 3526 Ambrosius
450 3481 554 3538 inopere
565 3478 605 3524 De
612 3477 738 3525 Οτοαιίοιιο
786 3478 833 3534 τήν
843 3477 975 3523 θάλατταν
984 3477 1058 3530 αὐῆκι
1068 3477 1202 3535 πανταχοῦ
1210 3478 1258 3530 τῆς
1265 3477 1314 3535 γῆς

209 3553 264 3612 (seu
277 3553 421 3601 Herai'mer.
437 3554 491 3599 Lib.
503 3566 543 3599 ιιι.
556 3567 606 3611 cup.
620 3553 666 3610 5)t
685 3553 736 3598 130-
787 3550 880 3598 teste·
890 3552 932 3596 'lua
942 3550 1029 3609 ιίίσττρ
1039 3551 1107 3595 οίκον
1117 3548 1313 3604 ’έναῃνὶνοίκον-

208 3627 738 3688 nummuretanquamltospitiumfluoiorum,
787 3627 861 3681 υίνην
887 3626 1020 3681 οἰκοῦντες,
1049 3625 1115 3669 οὕτω
1145 3622 1235 3684 dauers*
1246 3622 1312 3684 πρὸς

209 3869 276 3924 with
288 3869 407 3925 another
421 3878 529 3928 remote
541 3873 655 3939 nntium
676 3874 721 3929 for
735 3875 758 3927 it
771 3875 794 3929 is
810 3874 843 3928 oi
854 3873 1009 3944 advantage
1021 3878 1051 3926 ιο
1067 3871 1116 3927 tho
1126 3869 1232 3924 humun
1245 3886 1313 3924 racc

209 3954 272 4009 thnt
290 3954 359 4008 such
373 3957 545 4013 intercourse
563 3958 663 4014 should
684 3960 721 4014 bc
739 3960 905 4031 permittud:
924 3976 977 4013 nor
991 3961 1014 4013 is
1032 3957 1126 4013 thale
1147 3957 1265 4024 damage
1280 3961 1312 4009 ιο

209 4056 264 4110 any
279 4056 347 4104 onc;
369 4040 414 4095 for
434 4042 460 4094 if
478 4060 534 4115 any
548 4061 602 4099 one
623 4045 718 4100 misses
739 4062 816 4100 sorno
838 4046 904 4115 goin
924 4044 1014 4099 which
1034 4043 1071 4098 he
1091 4041 1147 4096 hed
1170 4039 1314 4094 rcckoned

208 4142 285 4196 upon
299 4125 351 4180 bul
363 4143 448 4181 never
458 4128 524 4192 hed,
540 4129 603 4184 thst
620 4131 643 4184 is
661 4136 711 4184 not
729 4137 759 4185 to
781 4131 817 4185 ho
828 4131 969 4184 rochoncd
981 4130 1063 4184 loss*.
1089 4129 1127 4182 So
1140 4125 1231 4189 Philo,
1244 4125 1314 4179 Plu·

253 4263 268 4292 ·
290 4264 424 4310 Gronovius
441 4269 510 4310 notes
526 4265 580 4309 thst
595 4264 642 4309 this
657 4265 677 4310 is
692 4265 762 4312 much
778 4269 820 4311 tou
834 4265 875 4311 lux
889 4265 936 4311 und
946 4263 1038 4321 liberal,
1048 4264 1096 4310 sud
1107 4265 1218 4320 cormery
1233 4264 1259 4308 tc
1270 4260 1315 4307 the

208 4338 313 4398 prmum
325 4338 352 4384 ot
359 4339 463 4394 notione,
474 4352 501 4386 ατ
510 4339 541 4385 he
553 4337 631 4385 shows
640 4338 671 4398 by
683 4339 812 4398 exsmples.
