2866 4906
135 249 204 307 Car.
216 245 279 318 1v.]
520 250 565 306 IN
586 251 837 308 SUPERIORES.
1171 245 1234 312 187

134 412 227 501 legio,
250 415 305 480 ³ut
329 419 401 480 acta
424 434 481 481 uos
501 414 622 493 docent,
658 414 807 482 militibus
833 415 997 483 constabat
1023 413 1124 482 sexies
1147 415 1233 483 mille

134 512 287 580 sexcentis
303 513 467 602 sexaginta
490 536 546 579 sex
563 514 750 581 Christianis
772 515 930 583 omnibus:
964 516 1124 595 Quicum
1141 518 1233 582 Max-

133 613 265 678 imianus
286 613 393 678 Caesar
417 613 502 702 apud
520 614 713 680 Octodurum
730 615 900 681 exercitum
922 616 1121 704 compelleret
1143 638 1233 681 sacru

133 711 203 778 Diis
219 710 304 777 salsis
320 711 433 789 facere,
457 712 592 800 primum
608 713 775 803 agaunum
789 715 851 780 iter
865 715 1086 802 arripuerunt:
1112 723 1145 781 et
1161 737 1231 780 cum

134 833 171 877 co
185 810 319 877 misisset
332 813 517 899 Imperator,
534 812 588 899 qui
604 835 657 879 eos
673 814 715 880 ad
730 814 962 880 sacrificandum
975 815 1082 881 venire
1094 814 1231 899 juberet,

134 910 253 998 ipsique
269 932 304 976 co
323 910 356 977 id
371 911 510 978 facturos
525 921 701 1002 negassent,
725 913 934 979 Maximianus
956 913 1109 979 decimum
1126 935 1232 1000 quem-

135 1030 196 1097 que
215 1009 310 1097 jussit
334 1010 467 1078 interfici
488 1033 547 1100 per
572 1012 777 1099 apparitores,
805 1013 860 1100 qui
887 1012 1010 1079 nemine
1035 1021 1232 1101 repugnante

135 1108 225 1176 facile
240 1108 405 1196 imperium
421 1119 494 1177 sunt
509 1111 655 1177 exsecuti.

203 1210 246 1275 11
281 1209 467 1276 lMauritius
488 1209 555 1297 ejus
571 1209 702 1299 legionis
721 1209 923 1298 primicerius,
949 1232 1048 1297 aquo
1065 1211 1232 1299 Agaunum

135 1307 221 1373 ricus
244 1307 385 1375 Mauritii
409 1308 510 1375 dictm
532 1317 717 1397 empostae,
742 1319 892 1377 narrante
907 1310 1063 1375 Eucherio
1079 1310 1232 1397 Episcopo

136 1406 346 1495 Lugdunensi,
381 1429 419 1474 eo
445 1417 586 1496 tempore
606 1409 828 1475 commilitones
852 1410 896 1476 sio
920 1408 1072 1474 allocutus
1096 1409 1232 1496 legitur:

140 1510 246 1581 Quam
268 1509 373 1585 mmai,
397 1530 437 1574 ne
455 1511 633 1594 quispiam,
649 1512 735 1592 quod
758 1512 900 1575 armatis
912 1510 1022 1596 facile
1046 1521 1105 1585 cst,
1129 1512 1233 1596 specie

134 1607 339 1690 deformionis,
373 1609 568 1675 beatissimis
598 1610 780 1693 funeribus
809 1630 928 1676 manus
956 1609 1084 1674 obuiam
1114 1611 1233 1693 afferre

135 1706 300 1771 tentaret!
316 1707 391 1790 jam
415 1709 499 1772 mibi
521 1709 568 1772 ad
590 1708 686 1792 liujus
708 1711 759 1774 rei
780 1711 991 1774 interdictum
1009 1709 1137 1774 Christi
1161 1731 1232 1773 nos-

136 1805 183 1870 tri
200 1807 392 1890 parabatur
407 1809 593 1892 simplum,
618 1808 676 1891 qui
691 1820 846 1874 euemtum
860 1810 985 1894 rapina
1002 1808 1142 1893 apostoli
1160 1809 1232 1891 pla

135 1904 230 1968 dium
245 1907 395 1991 propria
421 1909 509 1972 uocis
529 1907 675 1990 jemsimse
700 1909 905 1972 rmoredidit:
930 1909 1055 1985 doceas,
1078 1906 1233 1989 majorem

47 2028 50 2034 ¹
135 2004 241 2068 armis
271 2005 418 2070 erunibus
448 2007 648 2071 Christiana
679 2009 877 2089 confidentia
907 2028 972 2072 csse
1000 2007 1163 2079 virtutem,
1193 2027 1233 2071 ne

135 2103 306 2188 quaquam
321 2105 457 2169 mortali
472 2106 563 2191 operi
579 2106 773 2171 mortalibus
794 2108 936 2171 deuteria
955 2106 1129 2179 obsisteret,
1153 2107 1233 2188 quin

135 2202 201 2266 imo
226 2203 323 2286 coepti
345 2205 452 2289 operis
469 2205 569 2286 fidem
586 2207 726 2289 perenni
746 2206 901 2289 sclipionc
923 2205 1099 2289 compleret.
1153 2203 1232 2266 Cum

134 2297 194 2364 hoc
209 2299 359 2386 supplicio
376 2310 502 2388 peracto
521 2303 698 2389 Imperator
713 2303 930 2389 superstitibus
946 2304 1056 2368 eadem
1073 2323 1143 2389 quas
1159 2311 1233 2365 ante

134 2397 329 2484 praeciperet,
354 2399 398 2466 sic
423 2423 529 2467 omnes
553 2402 763 2488 respondent:
794 2403 924 2468 Milites
949 2404 1087 2488 quidem,
1108 2405 1231 2476 Casas,

137 2500 187 2563 tui
202 2521 313 2565 sumsss
328 2511 359 2566 et
375 2502 422 2566 ad
436 2503 649 2586 defensionen
673 2503 860 2587 reipublicae
877 2505 1035 2567 Romame
1051 2523 1149 2565 arma
1164 2523 1233 2566 sus-

134 2600 294 2683 cepimus:
311 2621 369 2665 neo
384 2622 529 2683 unquam
546 2614 606 2665 aut
622 2603 797 2667 desertores
812 2602 966 2667 bellorum
979 2613 1039 2665 aut
1047 2602 1235 2685 proditores

135 2697 265 2762 militia
292 2699 432 2784 fluimus,
466 2713 526 2765 aut
550 2703 680 2785 ipnara
696 2702 897 2786 formidinis
920 2703 1096 2765 mesalimus
1124 2700 1234 2763 mbire

128 2797 312 2880 flagitium
367 2800 450 2865 Tuis
466 2801 567 2865 etiam
583 2801 871 2886 obtemperaremus
883 2801 1067 2884 praeequis,
1091 2799 1159 2861 nisi
1183 2798 1233 2859 in-

134 2895 245 2960 stituti
268 2897 391 2981 lepibus
417 2899 625 2974 Christianos,
651 2901 830 2965 doemonum
847 2900 952 2964 cultus
969 2909 998 2963 et
1015 2918 1097 2961 aras
1113 2916 1234 2978 suuper

129 2994 278 3078 pollmas
303 2999 462 3080 sanquine
490 3000 678 3063 vitaremus.
735 3000 957 3082 Comperimus
976 2996 1170 3080 praceprsse
1194 3005 1233 3066 te,

134 3104 173 3156 ut
195 3104 256 3158 aut
272 3097 458 3180 saerilepiis
466 3098 629 3182 pollueres
648 3099 865 3175 Christianos,
889 3107 949 3160 aut
965 3097 1005 3160 de
1021 3096 1113 3158 denis
1133 3095 1234 3156 inter-

124 3192 228 3277 smtis
254 3215 312 3260 nos
335 3195 430 3261 uelles
456 3207 583 3262 terrere.
629 3198 708 3263 Non
724 3198 880 3282 inquiras
899 3194 1025 3277 lampius
1046 3193 1234 3256 latitantes:

135 3382 176 3430 ‘liu
194 3388 252 3444 post
275 3389 379 3433 moment
403 3385 517 3433 Eucherii
541 3386 660 3446 regnavit.
703 3387 779 3447 fidem
800 3381 969 3430 Cllronicorum
988 3380 1031 3425 sub
1049 3377 1199 3424 modiana
1212 3382 1235 3423 ct

134 3456 193 3505 Haeo
206 3461 381 3508 demonstrarit
391 3460 455 3510 cur.
472 3462 589 3509 loannes
604 3462 660 3508 Du·
710 3456 893 3517 incomparabili
911 3456 956 3501 illa
976 3455 1067 3500 &sima
1084 3457 1139 3512 post
1158 3452 1234 3498 Nero·

132 3545 280 3594 somnust,
290 3523 464 3584 Dissertatione
474 3537 597 3597 singulari,
606 3538 661 3582 An-
709 3549 760 3581 nem
761 3531 921 3593 persecutione
923 3543 1021 3589 passum
1030 3542 1081 3573 cum
1087 3527 1233 3586 colligimus:

133 3609 197 3668 8¹¹oe
211 3610 317 3670 primum
335 3611 400 3658 edita
417 3625 472 3657 ann.
493 3611 561 3659 1696.
575 3616 661 3670 postea
710 3625 760 3671 qua
771 3613 792 3654 st
803 3605 927 3666 prioribus
936 3602 1137 3665 persecutionibus
1151 3603 1234 3645 imma-

134 3683 660 3742 Gsllioe‚uterstnsta‚Amstcl.1705.J.B.
710 3686 772 3740 nior,
803 3681 858 3726 dum
887 3680 1040 3726 venerabilem
1067 3675 1235 3722 multitudines

177 3768 189 3793 ²
202 3759 349 3820 Macarius]
369 3760 408 3806 De
418 3760 488 3819 nujus
497 3761 607 3821 martyris
617 3762 662 3806 ho·
710 3763 841 3816 martyrum
851 3755 915 3802 calis
924 3757 1029 3811 mitteret,
1036 3750 1235 3810 intermontium

131 3835 231 3881 moribus
240 3836 306 3896 apud
317 3835 441 3881 Helvetios
451 3835 505 3881 ride
516 3836 660 3882 Guilliman-
709 3834 856 3894 proecipuum
875 3833 951 3878 sancti
970 3827 1087 3876 Mauritii
1108 3824 1234 3881 collegium,

132 3923 198 3956 num.
222 3911 292 3969 (Lib.
306 3923 327 3959 1.
340 3924 361 3957 c.
375 3911 405 3957 lb
419 3914 444 3957 ct
460 3925 490 3958 11.
506 3911 545 3970 Β.)
574 3912 604 3955 In
620 3925 662 3956 ve·
712 3914 733 3955 et
753 3907 890 3953 innocentia
914 3905 1038 3965 speculum.
1062 3901 1102 3947 De
1127 3895 1235 3979 Thebais

131 3986 279 4047 mnmipto
295 3987 327 4033 de
340 3986 496 4032 undatione
511 3986 588 4032 suncti
603 3985 662 4031 Jus-
712 3980 856 4040 martyribus
874 3980 1033 4026 Brunsvicum
1049 3971 1171 4022 translatis
1182 3967 1235 4014 tude

133 4059 179 4107 fini
192 4061 219 4108 iu
235 4074 324 4108 uossm
343 4060 486 4108 corbeiam:
507 4060 575 4107 Unde
587 4059 663 4117 justa
714 4054 852 4103 erminum
863 4054 1032 4101 saxonicorum
1043 4062 1091 4096 vu.
1106 4045 1141 4091 16.

187 4321 220 4371 ll
252 4313 329 4384 [The
351 4315 483 4387 speeohes
499 4316 532 4372 of
543 4315 694 4371 Mauritius
708 4311 757 4366 tbo
772 4312 884 4382 captain
899 4313 934 4368 oi
944 4314 993 4370 the
1006 4300 1125 4364 Theben
1138 4287 1238 4358 legion,

130 4401 189 4457 ⁸¹¹⁶
203 4401 237 4458 ⁰f
249 4401 300 4458 2¹¹0
314 4402 441 4468 ⁸⁰1de
454 4420 504 4460 uro
516 4409 547 4460 to
560 4401 609 4456 the
623 4413 700 4454 samo
715 4391 819 4464 effect]
