2866 4906
134 251 204 312 000.
216 249 254 320 1.]
352 251 406 306 DE
425 251 673 307 DEFENSIONE
696 251 762 308 SUI
782 250 833 305 ET
853 250 1001 306 RERUM.
1172 241 1235 306 219

133 420 215 498 ideo,
241 419 268 486 si
296 417 414 484 occisus
433 418 485 484 fur
508 416 694 504 reperiatur,
719 417 838 484 facilius
854 416 1001 484 credatur
1017 416 1055 494 ei,
1080 412 1133 504 qui
1158 439 1179 482 a
1201 440 1235 484 se

134 520 207 587 vitm
219 519 348 586 tuenda
365 540 459 583 causa
475 517 559 583 dicat
578 518 680 584 furem
697 517 905 594 interemtum,
931 526 1092 605 repertum
1117 516 1234 583 scilicet

133 642 203 686 cum
219 618 325 704 aliquo
341 617 559 693 instrumento,
576 638 639 704 quo
655 638 768 682 nocere
785 625 896 704 posset
944 617 982 682 ld
999 617 1081 683 enim
1097 617 1149 682 lex
1166 618 1233 681 He-

132 719 220 786 braea
234 716 380 804 requirit,
404 738 502 806 agens
519 715 559 781 do
575 717 645 782 fure
660 725 787 802 reperto
805 726 981 787 nomnen:
1004 717 1088 803 quod
1106 717 1232 802 quidam

134 816 328 884 uenierunt
344 819 382 881 ia
392 817 616 902 perforatam
641 815 695 880 alii
711 816 794 882 forte
808 818 926 894 melius,
949 839 1021 883 cam
1032 819 1232 902 perforando

134 920 369 984 instrumento:
399 914 554 1001 quomodo
579 923 613 979 et
636 914 896 985 ,1000010034
922 938 961 982 ea
992 938 1053 980 vox
1076 937 1097 980 a
1120 915 1232 982 doctis-

135 1016 221 1082 simis
237 1015 447 1081 Hebraeorum
464 1013 638 1100 exponitur.
685 1014 782 1080 Ducit
800 1038 857 1081 nos
877 1016 918 1081 ad
939 1016 1019 1080 hanc
1045 1014 1232 1102 interpreta-

137 1115 252 1181 tionem
277 1113 329 1180 lex
355 1111 516 1179 duodecim
543 1112 729 1190 tabularum,
753 1135 824 1200 quas
846 1116 947 1181 furem
967 1113 1112 1180 diurnum
1135 1113 1233 1179 occidi

135 1223 232 1291 vetat,
254 1211 382 1279 ³addita
397 1210 591 1299 exceptione,
614 1211 674 1276 nisi
697 1233 731 1277 se
751 1212 815 1278 telo
839 1213 1022 1279 defenderit
1077 1212 1233 1279 Adversus

135 1323 321 1379 nocturnum
349 1310 448 1400 igitur
485 1310 664 1397 presumtio
693 1321 741 1377 est
768 1313 942 1378 defendisse
972 1333 1006 1378 se
1039 1313 1111 1378 telo.
1164 1311 1233 1376 Tali

136 1420 243 1478 antem
258 1410 381 1476 nomine
396 1410 524 1487 ferrum,
550 1408 642 1475 fustis
665 1418 699 1476 et
714 1409 792 1497 lapis
808 1411 903 1488 venit,
927 1420 963 1477 ut
979 1410 1020 1477 ad
1037 1409 1143 1475 hanc
1134 1431 1233 1497 ipsam

138 1509 242 1600 legem
265 1517 406 1576 notatum
434 1529 454 1575 a
482 1507 559 1575 Caio
585 1517 641 1574 est
696 1509 815 1575 Contra
842 1511 884 1576 ab
911 1510 1047 1597 Ulpiano
1074 1509 1260 1614 proditum
1247 1530 1272 1568 u
1262 1531 1365 1615 orm

135 1620 195 1687 est,
221 1608 305 1696 quod
328 1609 369 1674 de
396 1607 466 1674 fure
491 1616 643 1673 nocturno
670 1607 792 1685 dicitur,
826 1609 852 1675 si
880 1609 1045 1696 quiscum
1075 1608 1291 1685 occidente
1247 1586 1291 1706 {fi
1282 1623 1395 1707 Ἢ

133 1707 260 1797 impuno
275 1708 309 1774 id
324 1707 419 1786 ferre,
445 1707 479 1773 id
503 1706 738 1795 intelligendum
763 1709 810 1774 ita
835 1709 958 1774 demum
981 1708 1081 1774 locum
1105 1709 1230 1785 habere,
1247 1715 1393 1808 3ξὲῃο

133 1808 176 1873 ⁴si
202 1829 334 1894 parcere
360 1806 390 1872 ei
416 1805 484 1873 sine
509 1806 648 1894 periculo
681 1829 737 1873 suo
767 1830 829 1872 non
858 1808 969 1894 potuit,
996 1808 1140 1873 nimirum
1165 1830 1232 1874 rem
1246 1807 1344 1892 ἕξω-,3

133 1906 297 1973 servando.

207 2008 230 2072 3
265 2008 325 2072 Est
341 2026 429 2094 ergo,
452 2011 491 2070 ut
506 2004 581 2082 dixi,
607 2005 786 2091 presumtio
802 2028 860 2093 pro
876 2027 923 2082 eo,
947 2006 1000 2092 qui
1017 2008 1117 2072 furem
1139 2015 1234 2072 noctu

133 2105 265 2172 occidit:
291 2105 397 2171 sedai
420 2103 504 2170 forte
520 2112 615 2170 testes
637 2104 803 2182 adfuerint,
828 2105 999 2191 exquibus
1025 2114 1145 2170 constet
1171 2126 1234 2168 non

133 2205 228 2271 fuisse
246 2226 328 2282 enm,
354 2203 409 2290 qui
431 2203 532 2268 10000
557 2202 679 2280 cecidit,
704 2204 873 2269 adductum
891 2204 924 2269 in
940 2204 1012 2268 vitae
1029 2225 1094 2269 suae
1115 2202 1234 2290 pericu-

135 2302 209 2382 lum,
231 2303 297 2390 jam
323 2301 504 2391 presumtio
533 2301 594 2368 ista
620 2303 761 2379 cessabit,
787 2324 825 2368 ac
845 2302 976 2389 proinde
1002 2302 1028 2367 ie
1050 2302 1104 2388 qui
1123 2301 1234 2367 occidit

134 2459 218 2522 possit
228 2460 288 2508 adeo
294 2459 662 2520 utmoquindrecnperandas
710 2462 840 2508 secundnm
853 2476 934 2522 quarn,
944 2466 973 2508 ut
985 2466 1011 2508 et
1020 2461 1114 2522 legibus
1124 2474 1173 2506 ιιι.
1186 2462 1234 2507 Ta-

133 2548 173 2583 ras
181 2535 273 2582 ablatas
283 2539 386 2595 cogatur
394 2535 508 2581 adversus
519 2533 607 2580 iurem
620 2535 660 2580 fu·
710 2537 828 2593 buterum,
843 2541 986 2582 nocturnum
1008 2535 1084 2581 furem
1104 2535 1234 2580 omnimodo

134 2610 365 2672 31000010,οΜ
379 2611 485 2671 praedam
501 2610 563 2655 tueri
578 2610 661 2655 solen·
710 2612 817 2656 occidere
827 2610 921 2655 licebat.
952 2609 1235 2670 Hccegregieprobavit

134 2690 265 2742 tem,snam
276 2685 352 2746 ipsius
358 2685 432 2731 vitam
441 2683 578 2730 defendere.
593 2683 620 2729 J.
628 2683 661 2729 B.
710 2701 818 2733 summus
826 2685 1017 2733 iurisconsultus
1026 2686 1122 2732 clariss.
1133 2685 1234 2743 Necnr,

178 2760 190 2788 ⁴
204 2760 235 2805 In
249 2759 306 2820 legs
319 2757 369 2816 nin,
384 2771 433 2804 non
449 2757 560 2803 0001000
570 2758 601 2802 ab
612 2758 660 2802 Ar·
710 2762 815 2809 Probat.
823 2762 879 2809 Jur.
887 2762 1023 2821 Lib.1.cap.
1032 2762 1064 2807 ix.
1071 2761 1143 2807 ctrld
1149 2761 1235 2821 leqem

136 2833 245 2881 chitectis
265 2832 334 2880 duris
353 2833 458 2879 Romani
477 2831 564 2891 posita,
580 2831 661 2891 agitur
710 2836 791 2897 Aquil.
806 2851 858 2896 cap.
870 2853 891 2882 v.
909 2850 1052 2896 quamquam
1067 2837 1171 2881 rationes
1184 2836 1235 2895 ejus

135 2909 165 2956 de
180 2908 247 2969 Lege
261 2907 366 2968 Aquilia,
380 2920 434 2967 qma
446 2906 549 2966 jubebat
563 2920 661 2966 repara-
710 2908 846 2954 convellere
860 2921 936 2967 nuper
950 2913 1050 2953 conatus
1060 2912 1097 2952 est
1108 2908 1153 2953 Vir
1168 2905 1233 2952 Eru-

134 2985 223 3031 tionem
240 2984 321 3030 darnni
338 2983 389 3029 dati
405 2983 436 3029 ab
454 2997 492 3038 eo,
507 2983 549 3042 qui
567 2996 661 3028 servum
710 2984 847 3039 ditissimus,
858 2984 883 3030 J.
899 2997 944 3027 van
955 2983 985 3028 de
995 2982 1087 3040 Watcr,
1103 2983 1159 3030 ote.
1175 2983 1233 3030 Jur.

131 3059 235 3105 alienum
249 3059 275 3103 in
290 3059 357 3105 furto
372 3058 546 3118 deprehensum
561 3057 661 3103 interfe-
709 3057 779 3104 Rom.
791 3057 843 3103 Lib.
856 3070 874 3102 1.
885 3070 938 3116 cap.
948 3058 985 3103 18.
1017 3057 1045 3103 J.
1056 3058 1088 3104 B.

133 3138 214 3192 000003
234 3146 285 3180 000
302 3138 385 3180 autem
402 3132 432 3180 de
452 3133 520 3193 Lege
541 3131 661 3188 Cornelia,

190 3384 209 3431 0
230 3377 292 3434 The
305 3377 457 3434 differcnce
475 3380 601 3451 depende
615 3380 683 3436 thcn
702 3397 738 3437 on
757 3381 830 3446 this;
848 3381 911 3435 that
923 3380 961 3451 by
972 3378 1052 3449 night
1065 3377 1144 3433 there
1159 3379 1182 3432 is
1197 3395 1234 3433 no

136 3463 289 3535 testimony
305 3470 337 3520 te
350 3465 387 3520 00
401 3464 475 3530 hadr
492 3467 549 3520 and
560 3467 702 3523 therefore
713 3468 739 3521 if
750 3468 799 3522 the
813 3467 888 3521 thies
896 3467 932 3520 be
946 3465 1035 3519 found
1050 3464 1129 3529 elain,
1145 3465 1235 3519 credit

135 3548 160 3603 is
174 3555 205 3603 to
215 3548 251 3605 be
261 3549 345 3619 given
357 3556 388 3605 to
402 3551 461 3605 him
474 3552 535 3606 who
550 3569 612 3624 says
626 3552 688 3608 that
703 3553 739 3608 ho
754 3554 819 3608 slew
833 3554 892 3607 him
904 3554 934 3605 in
945 3551 1098 3621 defending
1109 3551 1152 3605 his
1167 3551 1232 3606 life:

133 3633 197 3689 that
210 3636 244 3701 ls,
257 3635 284 3690 if
294 3635 332 3691 he
344 3636 380 3692 bc
393 3637 483 3692 found
496 3638 562 3692 with
576 3656 632 3710 any
643 3639 752 3694 hurtful
766 3642 942 3694 instrument.
977 3638 1063 3692 Deut.
1073 3638 1136 3691 xxii.
1148 3643 1181 3691 2:
1204 3639 1241 3711 Is

131 3739 152 3775 0
171 3723 246 3793 thies
253 3724 282 3777 be
292 3724 391 3793 soaad
400 3723 528 3794 breakiny
541 3740 588 3794 op,
600 3725 700 3779 should
714 3726 749 3779 bo
764 3726 926 3789 translated,
940 3725 1004 3778 with
1021 3743 1040 3778 a
1057 3741 1167 3796 weopoa
1180 3726 1236 3795 sor

131 3808 260 3880 000ὶὲ00
275 3810 400 3880 throaylt.
441 3809 479 3864 So
493 3809 552 3865 Jer.
569 3811 598 3864 ii.
616 3816 660 3866 34.

189 3895 229 3949 So
251 3893 302 3949 the
320 3895 375 3948 law
388 3894 424 3949 of
434 3893 484 3950 the
501 3896 615 3951 Twelve
630 3897 731 3951 Tables
749 3896 857 3950 forbide
872 3895 921 3951 the
939 3895 1050 3949 diurnal
1068 3895 1144 3952 thicf
1157 3902 1187 3951 to
1198 3895 1235 3950 00

131 3978 226 4046 killed,
236 3989 339 4053 except
349 3981 388 4036 ho
399 3981 540 4036 defended
552 3980 667 4037 himself
675 3983 742 4037 with
754 4000 771 4036 a
783 3999 907 4052 weapon.
940 3983 985 4036 On
997 3982 1046 4036 the
1058 3982 1141 4038 other
1151 3982 1236 4046 haud,

133 4064 236 4136 Ulpian
258 4066 374 4122 teachcs
389 4066 453 4121 that
470 4084 488 4121 a
509 4085 576 4121 man
591 4068 653 4123 who
674 4069 738 4123 hills
759 4086 777 4122 a
794 4068 941 4121 nocturnal
956 4068 1031 4122 thief
1049 4069 1116 4123 does
1131 4070 1154 4123 it
1168 4068 1235 4121 with

135 4148 280 4224 impunity,
294 4153 322 4206 if
332 4152 371 4208 ho
385 4153 470 4208 could
483 4161 534 4208 not
549 4154 666 4208 without
681 4154 754 4225 peril
767 4155 848 4207 avoid
863 4154 894 4207 it.

193 4240 209 4290 'e'
231 4236 295 4292 suu
309 4238 464 4303 therefore,
481 4239 538 4294 asI
553 4239 624 4294 have
639 4240 707 4304 said,
723 4240 772 4293 the
786 4240 979 4310 presumption
998 4240 1021 4293 is
1039 4240 1069 4292 in
1086 4239 1187 4292 favour
1204 4237 1238 4290 of

134 4316 195 4372 him
207 4320 268 4376 who
279 4323 344 4378 hilis
359 4324 410 4379 the
425 4326 574 4379 nocturnal
586 4326 660 4380 thief
667 4345 674 4390 ;
688 4326 741 4380 but
755 4325 780 4378 if
789 4325 869 4379 there
881 4324 916 4378 be
928 4326 1078 4395 testimony
1092 4324 1131 4394 by
1144 4320 1234 4375 which

132 4403 158 4460 it
168 4421 286 4481 appears
300 4409 365 4466 that
379 4409 430 4465 the
443 4411 536 4484 slayer
549 4429 604 4468 was
619 4418 670 4467 not
684 4412 714 4466 in
728 4411 834 4482 danger
848 4410 882 4466 of
893 4408 937 4463 his
951 4409 1011 4474 life,
1025 4407 1074 4462 the
1088 4423 1234 4478 presump-
