2866 4906
134 243 202 298 Gar.
218 239 297 308 v11.]
416 242 507 306 QUAE
529 242 593 296 FIT
615 242 690 297 PER
712 241 854 306 LEGEM,
876 241 957 295 Eho.
1169 231 1233 294 383

131 403 252 492 legibus
277 410 333 469 aut
359 403 497 470 moribus
523 403 663 470 obtinent
688 405 728 470 de
756 402 1006 480 exheredatione,
1031 401 1082 468 hic
1110 424 1234 489 quoque

131 503 292 569 habebunt
315 502 434 569 locum:
457 512 491 569 et
515 503 541 568 si
565 503 659 569 nulloe
686 502 886 590 proferantur
916 501 1003 589 leges
1031 510 1088 568 aut
1119 525 1231 581 mores,

132 610 238 667 tamen
254 602 439 669 naturaliter
456 601 560 668 'licita
576 602 638 668 erit
654 601 855 667 exheredatio
879 622 979 686 usque
1003 600 1044 666 ad
1066 602 1231 680 alimenta3

133 700 300 768 autetiam
323 700 390 766 sine
414 724 452 768 ea
475 700 665 788 exceptione,
682 701 708 765 si
733 700 849 765 crimen
874 708 975 765 morte
1000 699 1128 788 dignum
1152 699 1234 766 filius

133 800 302 877 admiserit,
319 807 374 866 ant
398 799 511 889 alioqui
534 800 675 889 graviter
699 798 882 887 peccaverit,
900 807 933 865 et
949 797 990 864 sit
1006 798 1089 864 unde
1105 799 1147 863 ali
1163 821 1233 886 pos-

134 899 183 964 sit.
232 899 283 965 Sic
300 900 413 965 Ruben
428 922 449 965 a
464 901 582 966 Jacobo
600 899 640 965 ob
660 899 782 984 culpem
798 898 941 985 privatus
956 906 1005 964 est
1022 898 1095 984 jure
1112 897 1231 985 *primi

133 998 211 1075 nati,
229 997 352 1064 Adonin
367 1020 466 1087 regno
482 995 518 1064 ta
542 997 673 1065 Davide
725 999 792 1061 Imo
809 997 903 1063 etiam
918 1018 977 1084 pro
994 997 1087 1062 tacite
1103 998 1233 1063 exhere-

134 1096 209 1163 dato
233 1096 410 1175 habebitur,
428 1097 482 1185 qni
506 1119 604 1186 grave
629 1095 745 1162 crimen
770 1095 955 1162 commiserit
980 1095 1014 1160 in
1038 1106 1169 1183 patrem,
1188 1096 1232 1162 ⁶si
1245 1113 1388 1244 1132sp

134 1196 222 1262 rudia
237 1204 309 1262 sunt
324 1196 508 1263 condonatae
525 1196 624 1283 culpa
639 1194 761 1261 indicia.
810 1195 873 1261 Sed
887 1195 919 1259 in
936 1217 997 1259 non
1009 1194 1230 1274 alienabilibus,
1244 1206 1259 1244 ¹·
1269 1207 1345 1289 m„
1369 1251 1396 1289 Ω.

134 1316 312 1381 quanquam
329 1295 536 1373 hereditariis,
553 1295 636 1361 idem
655 1316 718 1360 non
738 1294 895 1381 procedet,
914 1294 986 1382 quia
1002 1294 1133 1383 populus
1150 1294 1232 1361 mam
1244 1251 1397 1382 ffiw

134 1394 259 1479 quidem
284 1394 379 1483 elegit
403 1394 636 1472 hereditariam,
662 1393 737 1459 used
762 1393 982 1459 hereditariam
1008 1395 1048 1459 ab
1073 1394 1231 1462 intestato.
1243 1389 1341 1474 391211·
1350 1387 1395 1427 ¹³⁶·

134 1493 236 1560 Multo
257 1493 357 1560 minus
380 1495 529 1581 procedet
550 1492 751 1559 exheredatio
773 1493 806 1557 in
827 1492 932 1558 lineali
956 1493 1155 1570 successione,
1179 1493 1232 1559 nbi

133 1592 218 1659 nulla
233 1592 404 1659 imitatione
425 1592 609 1659 hereditatis
633 1612 673 1657 ex
698 1592 779 1658 dono
804 1591 910 1680 populi
934 1613 1066 1681 regnum
1090 1592 1234 1681 pervenit

132 1691 175 1757 ad
191 1691 336 1780 singulos,
354 1693 536 1780 praescripto
552 1690 671 1758 ordine.
784 1776 785 1779 Ἴ

207 1792 328 1860 XXVI.
381 1791 495 1857 Similis
517 1799 566 1857 est
589 1789 729 1876 quaestio,
747 1812 788 1856 an
813 1788 953 1856 abdicari
977 1789 1074 1878 possit
1090 1812 1232 1879 regnum,

131 1936 170 1981 nti
189 1936 338 1982 substantivo
357 1941 436 1996 now,
456 1937 565 1984 obsoleto
591 1939 661 1983 extra
708 1940 734 1983 st
750 1937 842 1983 nullam
859 1938 910 1984 lere
929 1937 1019 1983 ordinis
1034 1936 1145 1984 11111111
1160 1937 1236 1984 11111-

133 2022 214 2054 casum
225 2013 327 2056 sextum.
356 2010 385 2057 J.
395 2011 429 2057 B.
709 2025 765 2058 nem
782 2012 899 2069 habuisse,
915 2026 946 2058 ax
964 2016 1017 2058 tota
1036 2012 1144 2058 Historia
1163 2013 1236 2059 Sacra

178 2081 481 2141 tADaetde1Eratenim
490 2098 591 2146 regnum
600 2085 660 2133 illud
709 2087 817 2146 adparet.
849 2085 930 2146 .Ῑ.Β.]

134 2156 379 2216 welntpatrimoniale
392 2159 487 2217 Doridi,
500 2173 548 2205 non
563 2160 660 2221 quidem
755 2160 874 2206 ‘Durum
892 2160 937 2205 hoc
954 2164 992 2205 est
1008 2159 1091 2204 nimis:
1107 2163 1133 2205 st
1150 2160 1235 2206 merito

134 2231 192 2277 belli
199 2231 310 2290 J‘ure,aed
322 2232 367 2278 Dei
377 2233 451 2292 ipsius
464 2234 536 2280 dono.
554 2233 601 2294 [At
612 2248 660 2281 non
709 2236 740 2281 ab
751 2233 926 2294 Interpretibns
937 2233 1030 2279 Auctor
1040 2237 1120 2279 noster
1130 2233 1182 2279 heic
1196 2248 1235 2280 re-

134 2306 657 2369 0111111111111111111111131111111111.
710 2310 875 2370 prehenditur.
906 2309 936 2355 In
949 2309 1114 2368 dubiopotius
1127 2309 1236 2356 adiectus

134 2384 273 2441 Antequam
283 2381 345 2428 enim
360 2382 453 2442 regiam
463 2383 606 2442 dignitatem
616 2385 659 2430 ad·
709 2389 825 2444 paternus
834 2384 952 2430 mitiorem
968 2387 1062 2443 partem
1077 2384 1144 2443 sequi
1156 2383 1234 2443 jubet.

134 2460 254 2514 iactasset,
278 2456 329 2515 Jam
354 2456 433 2503 David
458 2457 579 2517 pollicitus
608 2463 660 2505 erat
709 2458 803 2518 Legum
820 2472 849 2504 ex
865 2457 927 2504 dure
944 2457 1015 2504 Civili
1030 2457 1055 2503 in
1074 2470 1115 2502 ora
1128 2457 1184 2503 libri
1198 2458 1236 2503 in·

134 2532 270 2587 Bathsebte,
289 2532 360 2577 matri
380 2531 524 2589 Solomonis,
544 2547 570 2578 ae
596 2533 660 2578 huno
710 2533 840 2578 dicaturum
856 2534 946 2593 species
961 2533 1032 2594 plana
1052 2532 1149 2579 diversae
1171 2537 1235 2590 sunt,

133 2619 292 2654 successorem
303 2620 371 2652 snum
382 2606 566 2664 declaraturum,
576 2606 659 2653 fldem·
709 2614 738 2654 nt
754 2608 779 2653 in
796 2607 867 2654 Notis
888 2607 987 2654 Gallicis
1007 2608 1059 2654 tuse
1079 2607 1236 2656 ostendimus.

134 2696 181 2741 que
191 2681 272 2726 (111111
279 2681 435 2741 jnreJnrando
448 2680 560 2737 firmarat,
571 2684 585 2727 1
596 2682 658 2741 Bag.
709 2683 774 2730 J.13.

134 2756 151 2802 i.
162 2757 199 2802 17.
214 2756 353 2814 qnodDeus
365 2756 437 2801 etiam
448 2756 492 2801 sibi
502 2757 597 2815 placere
612 2757 660 2817 sig-
755 2766 766 2790 ¹¹
791 2756 840 2804 Sed
861 2758 1031 2804 hereditariam
1055 2757 1086 2803 ab
1111 2755 1232 2817 intestato]

133 2830 278 2886 nificaverat,
298 2833 313 2875 1
334 2830 437 2889 Paralip.
456 2830 515 2876 xxii.
530 2831 553 2887 o,
569 2832 607 2886 10,
623 2832 659 2876 11.
710 2831 766 2878 Non
777 2835 936 2878 testamento:
952 2844 1000 2876 non
1011 2830 1146 2890 adoptione.
1171 2830 1235 2876 Vide

133 2906 228 2953 Deinde
248 2905 328 2965 Reges
348 2905 504 2951 Hebraeorum
529 2905 554 2950 in
579 2905 660 2965 desig·
710 2905 740 2950 de
757 2905 917 2966 Neapolitano
936 2918 1013 2965 regno
1030 2904 1161 2950 Marianam
1174 2904 1236 2950 libro

134 2981 215 3027 nando
230 2981 371 3027 Successore
385 2993 430 3026 auo
445 2979 663 3040 libsrrimeegiase,
710 2993 758 3026 xx.

132 3196 198 3250 lawe
214 3211 246 3250 or
260 3200 389 3258 customs,
402 3194 441 3266 by
455 3194 576 3248 Natural
594 3194 661 3246 Law
676 3191 876 3248 exheredntIon
890 3194 913 3248 ie
928 3193 1032 3257 lawfnl,
1046 3196 1145 3262 except
1159 3207 1190 3247 as
1205 3197 1236 3247 to

134 3281 267 3343 aliment;
281 3280 337 3332 and
352 3295 425 3333 even
439 3278 558 3332 without
572 3277 635 3330 that
649 3278 805 3346 exception,
822 3277 848 3329 if
856 3276 906 3330 the
920 3294 971 3331 eon
984 3277 1057 3330 haro
1072 3276 1236 3330 committed

135 3381 152 3417 1
167 3364 254 3417 crime
265 3361 373 3434 worthy
386 3362 419 3415 of
429 3361 524 3425 death,
536 3377 569 3415 or
579 3360 726 3414 otherwise
737 3361 846 3431 greatly
857 3359 997 3415 offended.
1027 3360 1104 3413 Thus
1116 3360 1236 3414 Rcuben

134 3465 190 3501 was
209 3446 342 3517 deprived
361 3446 395 3501 of
408 3446 452 3500 his
465 3445 541 3516 right
556 3462 585 3500 as
601 3444 747 3499 first-bom
761 3445 800 3516 1)]
813 3444 902 3500 Jacob
919 3445 965 3499 for
985 3443 1029 3498 his
1044 3443 1157 3507 offense,
1179 3444 1237 3499 and

135 3532 283 3602 Adonijah,
298 3533 332 3586 of
343 3532 392 3586 the
406 3531 549 3601 kingdom,
562 3530 601 3604 1)]
614 3530 715 3585 David.
754 3531 819 3585 And
833 3530 871 3584 ho
884 3531 907 3584 is
922 3529 988 3584 held
1002 3528 1048 3583 for
1062 3528 1161 3600 tacitly
1179 3527 1235 3583 dis·

134 3617 275 3672 inherited
288 3617 350 3671 who
362 3617 413 3671 has
425 3616 589 3671 committed
601 3634 618 3670 1
629 3632 713 3688 grave
726 3617 812 3672 crime
824 3615 933 3687 against
946 3613 990 3669 his
1002 3613 1105 3679 father,
1118 3613 1146 3668 if
1154 3612 1235 3671 there

135 3721 183 3759 are
192 3720 229 3758 no
245 3702 344 3758 tokens
360 3702 392 3756 of
401 3703 579 3757 condonaticc
590 3719 623 3757 or
634 3700 773 3775 pardon*.

191 3791 249 3844 But
260 3788 290 3842 in
301 3788 469 3843 inalienoble
481 3787 637 3858 kingdoms,
650 3787 758 3859 though
769 3786 939 3858 hereditary,
950 3787 1000 3842 the
1013 3803 1090 3842 same
1105 3786 1173 3842 does
1185 3791 1236 3843 not

133 3875 217 3930 hold:
241 3875 361 3929 because
378 3873 428 3929 the
446 3874 547 3945 people
562 3874 645 3928 chose
660 3874 763 3928 indeed
780 3872 829 3928 the
847 3872 1008 3945 hereditary
1020 3889 1097 3945 way3
1119 3873 1171 3929 bnt
1185 3873 1236 3930 the

135 3962 296 4033 bereditary
310 3977 371 4032 way
382 3959 450 4014 with
462 3958 511 4014 the
523 3960 604 4014 usual
618 3960 775 4014 succeseion
789 3963 820 4013 to
834 3959 988 4013 intestatae.

193 4047 258 4101 Still
275 4047 329 4101 less
344 4046 399 4099 will
414 4044 613 4101 exheredation
626 4043 694 4098 hold
709 4044 783 4115 good
797 4045 828 4098 in
845 4044 959 4099 alineal
973 4045 1140 4108 succession,
1154 4044 1236 4099 when

134 4131 184 4185 the
197 4132 331 4202 kingdom
346 4136 484 4187 comesto
499 4130 568 4185 each
583 4146 685 4202 person
699 4129 738 4202 by
752 4129 801 4186 the
814 4130 869 4202 gift
883 4130 918 4185 of
931 4130 980 4186 the
993 4130 1103 4203 people,
1118 4129 1236 4184 without

136 4217 303 4288 attempting
314 4222 345 4271 1ο
361 4217 471 4271 imitate
487 4214 536 4270 the
547 4215 710 4289 hereditary
721 4217 791 4273 rulo.

191 4300 277 4354 XXV
278 4302 300 4355 1.
337 4303 485 4357 similaris
497 4302 546 4357 the
558 4303 688 4373 question
699 4302 825 4357 whether
837 4301 887 4357 the
897 4300 1041 4371 kingdom,
1053 4315 1086 4354 or
1100 4298 1149 4355 the
1159 4298 1236 4371 right

384 4411 399 4444 ¹⁸
415 4411 474 4457 This
484 4411 504 4458 is
515 4412 620 4473 reJ‘ected
629 4412 660 4472 1)]
670 4410 805 4472 Barbeyrae
814 4424 841 4457 as
851 4415 892 4457 too
903 4419 991 4455 severa.
