2866 4906
221 207 334 273 xxxviii
621 220 925 277 PROLEGOMENA.

219 382 386 471 Euripides
412 383 494 449 hanc
526 382 685 451 scientiam
714 407 820 450 rerum
851 384 1027 451 divinarum
1056 392 1089 452 et
1116 386 1324 453 humanarum

219 483 387 573 cognitioni
404 483 575 573 praeponit:
604 485 663 550 2ιίο
680 485 761 551 enim
780 485 949 551 Theonoen
967 485 1145 574 compellari
1157 487 1252 554 iacit:

348 605 426 660 Nam
441 611 524 678 turpe
538 606 568 659 id
584 612 665 670 esset,
679 623 744 660 cum
758 607 829 661 scias
843 605 990 660 hominum
1005 625 1038 662 ac
1053 607 1145 662 Deum

351 692 435 757 Quod
450 699 493 747 est
507 693 625 763 eritque,
635 694 713 763 justa
727 699 756 747 te
770 692 847 747 haud
861 709 1039 765 cognoscere.

295 790 318 854 3
351 793 455 876 Atque
485 813 521 856 eo
548 791 647 879 magis
672 789 846 856 necessaria
872 800 920 857 est
949 792 1017 858 haee
1047 813 1152 879 opera,
1181 794 1264 881 quod
1292 805 1325 862 et

220 897 328 956 nostro
344 889 457 955 soeculo
474 913 537 955 non
553 890 666 956 desunt
680 899 713 956 ot
730 889 802 955 olim
820 912 883 955 non
897 891 1064 958 defuerunt
1081 892 1134 980 qui
1152 893 1232 959 hane
1244 894 1325 981 juris

220 997 343 1076 partem
359 989 406 1055 ita
422 997 655 1055 contemnerent
677 989 766 1075 qussi
783 989 908 1054 nihil
880 1013 947 1077 ejus
964 1001 1081 1078 praeter
1103 991 1195 1058 inane
1212 1015 1325 1060 nomen

57 1106 202 1195 aanor
221 1087 378 1157 existeret
432 1088 471 1154 In
488 1089 623 1154 omnium
646 1089 746 1154 ferme
763 1111 818 1154 ore
842 1098 890 1155 cst
907 1091 1061 1176 Euphemi
1079 1091 1195 1157 dictum
1221 1094 1324 1181 'apud

53 1153 202 1241 mim
220 1188 447 1276 Thucydidem,
465 1189 535 1276 regi
551 1196 606 1253 aut
623 1187 766 1253 civitati
757 1186 920 1275 rmpcrinm
938 1189 1067 1255 habenti
1083 1190 1185 1255 nihil
1176 1193 1323 1278 injustum

219 1288 303 1375 quod
318 1287 413 1354 utile:
437 1310 485 1353 cur
475 1287 599 1353 simile
615 1287 736 1364 illud,
728 1309 760 1352 m
775 1310 895 1353 summa
910 1288 1036 1355 fortuna
1055 1288 1088 1355 id
1106 1291 1224 1378 sequius
1240 1294 1324 1378 quod

219 1386 370 1463 validins3
395 1396 428 1453 et
444 1386 666 1474 rempublicam
689 1386 755 1452 sine
774 1386 889 1474 injuria
905 1387 974 1476 geri
991 1411 1053 1452 non
1076 1411 1176 1476 posse.
1228 1392 1324 1457 Acce·

218 1486 275 1562 dit,
301 1486 385 1571 quod
402 1507 472 1572 quae
496 1486 580 1552 inter
596 1486 725 1572 populos
747 1494 803 1551 aut
827 1507 919 1574 reges
938 1486 1078 1552 incidunt
1104 1491 1323 1555 controversiae

219 1585 317 1650 ferme
332 1586 470 1652 Martem
486 1584 603 1650 habent
618 1584 781 1649 arbitrum.
823 1585 883 1650 Est
898 1594 1003 1650 autem
1019 1608 1081 1650 non
1099 1587 1184 1675 vulgi
1200 1598 1322 1654 tantum

219 1685 287 1750 haec
308 1683 419 1772 opinio,
443 1684 558 1750 bellum
583 1683 624 1749 cb
654 1683 737 1748 omni
759 1684 832 1771 jure
861 1685 971 1750 abesse
996 1684 1182 1774 longissime,
1211 1688 1323 1753 sedet

264 1859 345 1906 'Non
357 1860 485 1920 proponit,
499 1859 542 1906 ssd
554 1858 746 1919 conjungendam
797 1864 851 1908 tur:
867 1859 909 1906 ὅτι
925 1860 1008 1908 δίκαια
1023 1861 1068 1920 μὲν
1081 1861 1108 1907 dv
1124 1863 1162 1922 τῷ
1177 1861 1321 1925 ἀνθρωπείῳ

219 1949 271 1982 esse
286 1936 379 1992 statuit,
389 1940 417 1981 ut
431 1935 513 1981 statim
528 1935 602 1981 cnivis
613 1935 746 1981 versionem
797 1935 868 1996 λόγῳ
879 1936 931 1982 ἀπὸ
946 1939 993 1992 τῆι
1008 1937 1063 1992 lone
1076 1936 1186 1998 ἀνάγκης
1200 1940 1321 1998 κρίνεται.

219 2011 336 2058 Auctoris
350 2011 436 2068 nostri,
453 2024 507 2070 quas
524 2010 571 2055 fida
585 2014 622 2056 est
637 2023 685 2055 non
700 2010 745 2055 ml·
796 2011 889 2058 δυνοτᾰ
898 2013 924 2057 δὲ
935 2011 958 2058 cl
968 2012 1067 2059 devaret
1076 2012 1229 2072 πράσσουσι,
1242 2016 1283 2062 καὶ
1298 2015 1322 2061 ol

218 2099 264 2132 nus
280 2100 352 2146 quum
371 2085 477 2146 elegans,
494 2085 629 2146 inspicienti
644 2085 744 2145 patebit.
795 2086 908 2134 αόθενσῑι
928 2088 1104 2147 συγχωροῦσι·
1121 2089 1192 2146 jussa
1216 2089 1322 2137 itum

218 2162 248 2208 Id
264 2165 345 2207 antem
362 2174 434 2220 quam
451 2161 554 2207 maxime
568 2161 599 2206 ab
614 2161 679 2205 omni
693 2174 745 2206 sevo
796 2160 887 2205 rationi
902 2173 932 2206 ea
947 2160 1043 2218 censeri,
1059 2175 1113 2220 ques
1128 2174 1179 2221 par
1197 2164 1323 2209 necessitas

217 2236 356 2296 neglectum
370 2235 452 2291 fuisse,
463 2235 489 2280 in
504 2239 587 2281 nostra
601 2235 633 2280 ad
643 2235 745 2281 Pursu·
796 2236 897 2282 indicit.-
913 2241 1013 2282 σιισιοι
1028 2250 1082 2297 quoe
1093 2238 1154 2296 fieri
1170 2244 1276 2297 possum,
1293 2253 1323 2286 ea

219 2325 341 2359 nostrum
356 2310 468 2358 Delare
482 2310 544 2357 Nat.
559 2315 581 2357 et
594 2311 663 2359 Geni.
679 2311 745 2357 Prae·
788 2312 850 2370 fieri
874 2326 891 2357 a
910 2312 1075 2369 calidioribus,
1096 2313 1127 2359 ab
1151 2313 1322 2372 infirmioribus

216 2389 308 2437 tatione
319 2388 420 2444 Gallica,
430 2388 484 2434 inse
494 2387 655 2448 probavimus.
670 2387 700 2435 J.
710 2388 742 2433 B.
795 2388 903 2434 tolerari
920 2388 984 2448 (cup.
995 2389 1048 2446 89.)
1065 2388 1107 2450 [ln
1118 2391 1196 2450 primo
1205 2390 1258 2437 loco
1273 2404 1321 2436 non

262 2472 273 2497 ¹
288 2463 364 2524 Apud
389 2461 557 2523 ilsueydidem]
587 2463 668 2510 Verba
687 2467 745 2510 sunt
796 2465 878 2523 agitur
888 2464 918 2510 de
928 2464 1174 2524 compnmtionejoeti
1190 2480 1244 2512 cum
1258 2467 1321 2520 veut,

217 2537 316 2584 le.v1.
332 2536 593 2596 itvdpidtrcpciompri
608 2536 685 2581 writer
699 2536 744 2595 σ’ρ·
795 2539 879 2585 cedde
894 2539 948 2584 utili
963 2544 1066 2585 mutum.
1098 2540 1161 2587 Vide
1178 2547 1247 2587 notus
1264 2556 1320 2588 nos·

216 2613 266 2673 χιὶν
281 2612 375 2672 δχούοῃ
393 2612 462 2657 οὐδὲν
478 2611 582 2669 ἄλογον,
599 2610 621 2666 ὅ,
638 2628 665 2656 τι
683 2612 744 2669 ξιιμ-
794 2619 844 2660 tm
857 2613 920 2659 Gall.
950 2612 1029 2671 J.B.]

218 2687 304 2747 φέροι.
319 2686 396 2745 (Cap.
415 2688 452 2731 85.
472 2684 541 2732 Edit.
564 2683 653 2742 om.)
674 2685 743 2730 Idem
840 2685 887 2731 ¹’A
902 2699 1009 2745 esposse
1023 2686 1147 2747 αοιιάίή]
1165 2689 1240 2749 Apud
1260 2690 1320 2737 Plu-

217 2777 300 2810 sensns
309 2763 371 2808 libro
381 2774 409 2810 v.
427 2761 469 2806 ubi
479 2760 639 2807 Athenienses
649 2773 743 2819 praepo·
794 2761 903 2806 tsrchnm
925 2760 1048 2820 Lysander
1072 2763 1213 2809 macharum
1237 2771 1319 2812 osten·

216 2843 335 2887 tenteseo
345 2843 455 2898 tempore
470 2837 504 2883 sio
519 2836 606 2883 Melies
617 2835 743 2895 nlloqunn·
793 2836 866 2882 dens:
899 2834 913 2882 ὁ
943 2837 1039 2892 rueme
1062 2842 1162 2897 κριτῶν
1189 2839 1319 2899 βέλτιστα

218 3089 339 3150 natione,
355 3086 412 3141 and
426 3086 465 3140 all
479 3084 528 3140 the
542 3083 632 3156 rights
647 3082 682 3138 of
691 3100 749 3137 war
762 3082 819 3137 and
834 3099 929 3154 peace.
967 3082 1032 3139 And
1044 3085 1195 3157 Euripides
1209 3085 1318 3157 profers

216 3175 272 3231 this
294 3173 404 3229 sciense
427 3177 457 3226 to
479 3169 528 3225 the
549 3169 714 3240 knowledge
736 3169 770 3224 of
785 3167 880 3240 things
893 3168 1000 3225 human
1014 3171 1071 3225 and
1086 3172 1197 3237 divine;
1218 3171 1265 3227 ior
1281 3171 1319 3227 hc

216 3261 313 3316 makes
325 3259 417 3315 Helen
431 3256 547 3312 address
561 3255 696 3310 Theonoe
710 3253 792 3310 thuss

628 3347 729 3395 ’twonld
743 3348 774 3395 he
788 3362 803 3394 ιι
816 3349 873 3394 bose
888 3350 1003 3408 reprosch

424 3425 489 3472 'shut
503 3438 558 3486 you,
572 3423 627 3469 who
641 3423 714 3469 know
728 3423 763 3468 th'
776 3422 856 3468 affairs
870 3423 898 3469 ol
909 3423 971 3483 gods
985 3425 1033 3471 and
1047 3439 1103 3472 men

424 3501 526 3546 Present
540 3498 588 3545 and
603 3498 693 3554 ttrtnre,
707 3498 780 3543 know
794 3503 838 3544 not
852 3498 919 3544 what
932 3498 1025 3559 iujust.

273 3601 290 3651 3
319 3593 384 3649 And
401 3593 471 3649 such
490 3608 509 3646 a
523 3592 600 3647 work
614 3593 637 3646 is
656 3592 706 3646 the
720 3608 800 3647 more
814 3608 961 3664 necessary
975 3610 1013 3648 on
1027 3594 1083 3650 this
1097 3603 1234 3662 scocunt3
1256 3598 1319 3655 thet

215 3682 298 3737 there
312 3698 362 3736 are
372 3686 425 3734 not
434 3679 557 3749 wanting
568 3694 684 3749 persons
702 3679 733 3730 in
747 3694 800 3732 our
811 3695 873 3733 own
888 3680 965 3744 timo,
985 3680 1042 3734 snd
1056 3680 1137 3736 thore
1156 3681 1228 3737 have
1245 3684 1318 3740 been

216 3769 276 3822 also
290 3768 320 3821 in
334 3765 441 3821 tormer
455 3765 537 3819 times
559 3779 683 3835 persons,
694 3763 756 3818 who
767 3763 839 3818 have
853 3764 983 3836 despised
996 3765 1072 3820 what
1085 3765 1136 3822 has
1154 3767 1227 3823 been
1244 3770 1318 3825 done

216 3855 247 3908 in
261 3853 317 3908 this
328 3852 461 3924 province
476 3850 509 3905 oi
517 3849 740 3921 jurisprudence,
755 3866 786 3904 so
800 3850 845 3903 far
859 3866 890 3904 ss
902 3856 932 3904 to
947 3849 1015 3904 hold
1026 3850 1089 3905 thet
1101 3869 1138 3906 no
1153 3853 1222 3909 such
1236 3855 1318 3927 thing

215 3939 333 4004 existed,
354 3943 454 4009 except
468 3953 498 3991 aa
513 3952 531 3989 a
542 3951 619 3990 mere
633 3952 725 3990 name.
771 3936 863 4007 Every
877 3950 932 3991 one
945 3952 998 3990 eun
1012 3943 1098 4008 quote
1112 3937 1162 3994 the
1175 3940 1274 4012 saping
1288 3941 1322 3996 of

215 4024 389 4096 Euphemius
403 4025 434 4078 in
449 4021 627 4094 Thucydidas
635 4021 751 4085 ;-thst
763 4021 810 4075 for
823 4037 842 4075 a
861 4021 929 4092 king
949 4038 982 4076 cr
996 4039 1014 4076 a
1028 4024 1085 4096 city
1105 4023 1195 4080 which
1209 4025 1260 4080 has
1280 4044 1318 4082 an

215 4111 322 4183 empire
345 4116 376 4165 to
398 4108 543 4173 maintein,
561 4107 680 4177 nothing
702 4108 725 4161 is
748 4107 845 4178 nnjust
861 4106 951 4162 which
965 4109 990 4163 is
1009 4110 1117 4165 useful:
1140 4112 1196 4165 and
1217 4118 1248 4167 to
1268 4111 1318 4168 the

215 4213 292 4252 same
312 4197 395 4252 effect
414 4198 438 4249 is
460 4193 509 4249 the
532 4195 638 4265 saying,
653 4191 715 4247 that
736 4194 782 4247 for
804 4192 885 4248 those
906 4193 968 4247 who
983 4193 1054 4250 heve
1069 4212 1200 4268 supreme
1214 4214 1318 4268 power,

214 4283 265 4338 the
275 4283 371 4354 equity
385 4283 408 4336 is
423 4280 516 4336 where
534 4279 584 4335 the
604 4279 732 4350 strength
745 4281 782 4334 is:
802 4279 859 4333 and
873 4279 936 4334 that
948 4281 1038 4348 other,
1058 4282 1121 4337 that
1135 4289 1209 4339 stete
1223 4284 1318 4340 affairs

214 4375 318 4426 cannot
332 4368 369 4426 be
392 4367 501 4426 carried
515 4383 554 4424 on
573 4365 692 4422 without
713 4365 801 4438 doing
818 4381 897 4423 some
911 4383 1013 4440 wrong.
1058 4369 1101 4424 Το
1115 4368 1172 4426 this
1187 4387 1229 4427 we
1242 4377 1319 4429 must
