2866 4906
449 502 507 579 IN
541 503 681 581 TRES
712 503 915 580 LIBROS

158 715 257 798 DE
312 712 497 796 JURE
554 712 790 794 BELLI
842 713 935 795 Ac
989 712 1208 797 PACIS

397 924 967 1025 PROLEGOMENA.

517 1175 826 1186 ——-.

130 1339 158 1405 Ι.
232 1339 288 1406 US
302 1337 400 1417 civile,
423 1336 490 1404 sive
507 1339 692 1418 Romanum,
715 1339 782 1405 sive
798 1339 882 1428 quod
899 1337 1009 1428 cuique
1026 1341 1162 1429 patrium
1178 1351 1234 1420 est,
1249 1343 1399 1442 mog-m

250 1446 307 1505 aut
329 1438 487 1504 illustrare
511 1439 748 1516 commentariis,
773 1448 830 1506 aut
851 1449 1043 1506 contractum
1069 1442 1109 1508 ob
1133 1443 1237 1509 oculos

130 1560 249 1627 ponere
273 1537 415 1628 aggressi
440 1546 513 1605 sunt
536 1538 643 1614 mutti;
669 1547 704 1604 at
721 1538 774 1626 jus
798 1539 875 1606 illud
893 1540 976 1627 quod
998 1541 1082 1607 inter
1107 1543 1237 1629 populos

130 1638 238 1726 plures
262 1647 317 1704 aut
334 1637 518 1726 populorum
535 1646 673 1703 rectores
696 1637 870 1716 intercedit,
889 1640 954 1705 sive
970 1641 1011 1706 ab
1037 1641 1104 1729 ipsa
1123 1652 1238 1710 natura

131 1738 316 1826 profectum,
343 1746 400 1803 aut
430 1737 543 1803 divinis
567 1738 768 1804 constitutum
793 1738 926 1828 legibus,
954 1740 1020 1805 sive
1043 1740 1180 1807 moribus
1204 1751 1238 1809 ot

132 1849 224 1924 pacto
246 1837 341 1903 tacito
355 1837 576 1914 introductum,
600 1838 773 1927 attigerunt
790 1839 889 1926 pauci,
906 1838 1074 1906 universim
1091 1863 1129 1907 ao
1151 1853 1237 1908 certo

132 1936 242 2002 ordine
268 1936 415 2004 tractavit
440 1936 591 2003 haetenus
615 1959 726 2005 nemo:
752 1960 821 2004 oum
840 1948 945 2006 tamen
969 1939 1003 2005 id
1025 1941 1093 2006 fieri
1114 1940 1237 2008 intersit

130 2035 259 2104 humaui
275 2036 408 2124 generis.

208 2139 229 2202 2
263 2137 348 2203 Vere
361 2135 443 2201 enim
461 2135 570 2202 Cicero
587 2137 797 2224 praestabilem
812 2139 893 2204 hanc
909 2139 988 2206 dixit
1000 2140 1169 2218 scientiam,
1188 2139 1237 2205 ¹in

131 2234 299 2312 federibus,
321 2235 523 2323 pactionibus,
545 2237 772 2303 conditionibus
794 2238 990 2325 populorum,
1012 2261 1133 2327 regum,
1152 2249 1238 2304 exte·

131 2357 301 2422 rarumque
316 2336 488 2413 nationum,
513 2335 547 2400 in
563 2337 647 2402 omni
664 2337 798 2422 denique
815 2337 888 2401 belli
906 2337 979 2423 jure
996 2346 1029 2402 et
1049 2337 1143 2424 pacis.
1194 2340 1238 2404 Et
1251 2357 1400 2408 aarum.

178 2519 186 2549 ¹
212 2519 270 2566 Non
292 2519 352 2566 dicit
374 2518 486 2576 Croeso,
502 2520 663 2580 pmstotilem
710 2519 755 2567 dit.
785 2519 875 2566 Mirum
890 2523 979 2576 antem,
988 2519 1070 2566 idnon
1085 2520 1237 2567 observatum

133 2596 195 2642 hauc
211 2608 260 2640 esec
277 2592 408 2652 scientiam,
427 2595 470 2640 sed
485 2594 530 2641 Cu.
545 2595 662 2654 Pompeii,
710 2595 784 2641 inisse
804 2595 835 2641 ab
854 2594 1023 2641 Eruditissimo
1043 2595 1175 2652 Gronorio,
1195 2595 1237 2655 qui

133 2683 206 2729 quem
212 2668 303 2727 landet,
309 2668 470 2727 cremabilem
479 2669 662 2725 accedentiam,
712 2669 861 2726 Orationem,
876 2675 902 2716 et
912 2673 992 2729 eaput,
1003 2667 1090 2729 [Orat.
1097 2684 1146 2729 pro
1158 2670 1237 2717 Bothe

132 2749 161 2791 ut
173 2744 199 2789 in
213 2743 278 2789 omni
292 2756 382 2802 genere
394 2757 424 2789 ac
437 2743 553 2790 canente
564 2745 661 2802 artium,
711 2758 764 2804 cap.
775 2744 803 2804 6]
817 2745 880 2792 unde
895 2744 962 2790 locus
978 2745 1024 2790 iste
1039 2746 1129 2804 petitus
1140 2751 1184 2802 est,
1194 2746 1237 2791 ad·

132 2818 281 2878 iaquoqm,
291 2817 423 2877 etquidem
434 2816 563 2876 praecipue,
577 2817 661 2877 insoe-
711 2824 793 2865 curate
807 2820 934 2867 indicarit:
957 2833 1045 2880 magno
1061 2834 1099 2866 me
1114 2834 1186 2867 onere
1201 2821 1237 2867 le·

132 2894 229 2940 mrtem
237 2897 281 2939 etc.
298 2893 323 2938 in
336 2893 400 2938 omni
413 2891 512 2952 ἀπίῃς
524 2891 591 2938 Belli
599 2891 663 2939 lure
711 2900 816 2952 saturus,
831 2896 925 2956 siquod
940 2895 1000 2953 heic,
1013 2900 1038 2942 et
1048 2895 1073 2941 in
1087 2897 1197 2955 sequenti
1209 2911 1237 2942 ao

132 2983 163 3016 uc
174 2968 257 3015 Pacis.
287 2967 357 3015 Adeo
367 2973 397 3014 ut
407 2967 490 3013 ecdem
501 2980 549 3012 nou
562 2967 594 3012 sit
607 2981 662 3013 seu·
711 2970 859 3029 paucissimis
874 2971 927 3016 aliis
941 2970 1001 3016 locis
1014 2971 1080 3028 iecit,
1095 2971 1192 3030 ubique,
1209 2976 1237 3017 nt

133 3046 218 3102 untia,
238 3049 264 3092 et
283 3043 379 3090 nonnisi
402 3057 447 3104 per
466 3043 663 3103 consequentium
711 3050 815 3105 poterat,
829 3047 932 3106 experiri
946 3046 1069 3094 voluisset.
1097 3046 1166 3094 m.

133 3118 189 3168 inde
199 3120 285 3168 deduci
299 3121 384 3182 possit,
397 3120 463 3180 qnod
473 3121 568 3167 Auctor
583 3120 662 3166 inten-

404 3369 715 3436 PRELIMINARY
740 3369 965 3436 REMARKS.

192 3512 207 3562 1
237 3507 302 3562 Tus
318 3507 389 3562 civil
402 3507 478 3572 hav,
492 3505 562 3562 both
577 3506 640 3562 that
655 3506 688 3560 of
699 3506 798 3570 Rome,
818 3504 875 3560 and
889 3505 952 3561 that
966 3504 1001 3561 of
1012 3503 1082 3561 each
1096 3505 1194 3561 natiou
1208 3509 1239 3562 in

132 3592 296 3664 partientur,
316 3592 367 3647 has
382 3592 455 3648 been
469 3592 580 3648 treated
595 3593 633 3656 of,
654 3590 754 3645 witha
771 3592 840 3646 view
854 3591 946 3647 either
965 3597 995 3648 to
1009 3592 1149 3648 illustrato
1166 3595 1189 3649 it
1207 3610 1240 3648 or

133 3683 166 3732 to
173 3684 288 3749 present
301 3679 325 3733 it
335 3680 366 3732 in
375 3695 393 3732 a
404 3678 602 3750 compendious
611 3678 693 3740 form,
704 3677 742 3749 1)]
752 3693 844 3749 many.
880 3679 937 3733 But
949 3679 1153 3733 luternational
1164 3678 1240 3743 Low,

134 3762 199 3818 that
213 3763 303 3818 which
318 3764 433 3836 regards
447 3763 496 3818 tho
511 3763 622 3817 mutual
635 3763 769 3818 relations
784 3764 818 3817 of
829 3765 936 3819 several
948 3765 1075 3836 Peoples,
1091 3780 1125 3819 or
1138 3765 1241 3820 Rulers

135 3848 169 3903 of
191 3849 320 3921 Pooplos,
341 3849 468 3904 whether
493 3850 515 3905 it
541 3849 662 3920 procoed
687 3849 763 3902 from
787 3855 897 3913 nature,
919 3867 952 3904 or
974 3850 1010 3905 bo
1033 3850 1181 3906 instituted
1202 3851 1241 3923 1)]

135 3933 229 3990 divine
252 3936 410 3999 command,
432 3951 465 3989 or
489 3934 656 3990 introduced
675 3934 715 4006 1)]
733 3940 844 3989 custom
864 3935 921 3990 and
939 3937 1009 3991 tacit
1030 3945 1168 4009 compact,
1190 3936 1241 3992 hos

135 4019 209 4076 beon
223 4019 346 4076 touched
361 4037 399 4075 on
412 4020 451 4093 1)]
464 4020 527 4086 few,
545 4020 601 4075 and
616 4018 667 4074 has
681 4020 755 4075 been
769 4020 808 4092 1)]
822 4037 859 4075 no
874 4038 929 4076 one
948 4023 1059 4077 treated
1074 4039 1105 4078 as
1119 4041 1137 4078 a
1151 4022 1241 4078 wholo

135 4105 168 4159 in
189 4122 226 4160 sn
251 4106 366 4178 ordcrly
387 4123 513 4163 manner.
550 4106 616 4161 And
637 4111 687 4178 yet
712 4107 774 4161 that
797 4105 853 4161 this
876 4107 913 4162 bc
936 4109 1019 4174 done,
1040 4125 1175 4164 concarrus
1193 4109 1242 4163 the

135 4189 240 4247 human
255 4208 330 4247 rece.

194 4283 211 4332 2
239 4279 297 4334 For
318 4276 424 4350 rightly
447 4277 495 4333 did
520 4277 618 4333 Cicero
639 4278 694 4333 cali
715 4278 778 4334 that
800 4297 838 4334 an
858 4280 997 4336 excellent
1020 4283 1130 4336 seicnco
1151 4279 1242 4333 which

139 4358 262 4420 includes
277 4363 328 4420 the
342 4364 483 4429 allianum,
503 4365 628 4431 trcsties,
644 4365 702 4419 aud
716 4372 868 4422 coronante
887 4367 921 4422 of
935 4367 1060 4439 peoples‚
1079 4366 1170 4437 kings,
1186 4365 1243 4420 and
