2866 4906
136 267 206 324 Gan.
219 263 289 336 ΙΠ.]
401 265 529 323 sunm
549 266 703 322 IMPERII
722 264 966 323 EXPLIOAI'IO.
1176 261 1235 327 131

206 436 229 500 2
258 434 372 521 Neque
396 432 478 500 enim
502 432 562 500 illia
582 431 727 509 assentio,
752 432 805 519 qui
830 430 979 499 dictatori
1005 439 1123 521 negant
1142 431 1236 500 subse

135 557 288 602 nummum
311 533 485 621 imperium,
509 532 582 620 quia
604 540 788 619 perpetuum
811 555 874 598 non
895 542 974 600 erat.
1026 533 1109 598 Nam
1130 555 1236 601 rerum

135 634 296 701 moralium
313 642 427 699 natura
447 654 488 698 ex
504 630 734 719 operationibus
749 632 962 721 cognoscitur:
987 654 1085 720 quare
1102 655 1173 720 quoe
1190 635 1237 702 h-

134 734 265 802 cultatee
289 732 414 799 eosdem
439 732 566 798 effectus
591 730 717 809 habeut,
740 732 849 799 eodem
874 734 997 800 nomine
1022 735 1237 822 nuncupandce

135 842 215 901 aunt.
268 832 316 898 At
340 831 484 898 Dictator
508 831 595 897 intra
617 839 739 919 tempus
762 854 850 898 nuum
875 825 995 900 *omnes
1015 842 1103 901 actus
1126 835 1236 901 eodem

132 933 203 1021 jure
224 939 361 1008 exercet,
382 952 444 1018 quo
464 953 525 998 rex
544 930 598 1019 qui
623 938 672 997 eet
692 931 808 1018 optimo
824 932 917 1020 jure;
940 956 1041 1021 neque
1063 933 1129 1022 ejus
1148 943 1236 1002 actua

137 1034 178 1099 ab
192 1032 252 1099 alio
266 1030 358 1098 reddi
379 1030 486 1097 irritus
500 1037 614 1118 potest.
665 1030 800 1097 Duratio
816 1041 921 1098 autom
944 1041 1089 1099 naturam
1105 1033 1153 1100 rei
1172 1057 1235 1100 non

138 1131 298 1200 immutat:
319 1152 497 1218 quanquam
519 1130 547 1196 ai
571 1130 611 1198 de
633 1129 787 1219 dignitate
809 1131 970 1218 quaeritur,
994 1153 1065 1218 qua
1089 1133 1235 1220 majestas

137 1232 195 1299 dici
219 1232 308 1308 nolet,
330 1230 458 1318 dubium
483 1252 546 1296 non
566 1238 624 1310 eat,
649 1229 725 1317 quin
748 1252 786 1295 ea
807 1230 908 1317 major
932 1231 973 1299 eit
993 1231 1026 1296 iu
1048 1254 1096 1310 eo,
1115 1232 1235 1321 cuijus

136 1341 321 1420 perpetuum
336 1330 444 1397 datum
460 1338 519 1408 est,
540 1353 635 1417 quam
650 1330 699 1395 cui
718 1330 961 1416 temporarium
986 1329 1061 1418 quia
1077 1332 1118 1398 ad
1135 1331 1236 1421 digni·

137 1440 235 1497 tatem
255 1429 329 1497 iacit
346 1430 481 1498 habendi
497 1430 615 1496 modun
666 1429 771 1515 Atque
787 1429 870 1496 idem
891 1430 1007 1497 dictum
1024 1431 1095 1497 volo
1112 1431 1153 1497 de
1174 1431 1234 1510 hie,

138 1531 193 1617 qui
214 1539 379 1617 antequam
402 1552 495 1620 regen
520 1530 561 1596 ad
583 1551 671 1595 auam
692 1528 821 1595 tutelam
846 1528 1058 1618 pervenerint,
1082 1539 1139 1598 aut
1159 1530 1234 1598 dum

135 1631 252 1709 furore,
268 1638 324 1697 aut
339 1630 520 1718 captivitate
536 1629 759 1717 impediuntur,
778 1638 939 1696 curatores
955 1630 1047 1720 regni
1060 1630 1106 1698 ita
1122 1630 1235 1697 conmi-

135 1737 275 1808 tuuntur,
300 1737 337 1797 ut
347 1730 462 1818 populo
478 1752 541 1796 non
555 1729 686 1807 subsint,
704 1739 896 1815 nequeunte
918 1729 1091 1820 legitimum
1101 1739 1225 1819 tempus

135 1838 272 1917 potestas
287 1852 396 1896 eornm
412 1830 453 1897 ait
468 1828 658 1897 revocabilis.

208 1933 231 1996 3
264 1930 359 1996 Aliud
386 1929 572 1997 censendum
600 1928 641 1996 de
666 1928 724 2008 hie,
751 1927 805 2017 qui
829 1929 882 2017 jue
908 1938 1095 2019 acceperunt
1125 1930 1234 2018 quorie

138 2035 277 2117 tempore
292 2029 477 2107 revocabile,
497 2030 595 2097 idest
613 2029 797 2116 precarium,
818 2031 910 2117 quale
931 2031 1003 2097 olim
1020 2031 1233 2099 Vandalorum
1247 2056 1365 2142 m

134 2150 265 2219 regnum
282 2128 343 2197 fuit
358 2128 392 2195 iu
407 2128 526 2209 Africa,
548 2139 581 2196 et
596 2122 793 2198 kGothorum
810 2129 1022 2217 in·Hiepania,
1043 2123 1126 2196 ¹cum
1151 2131 1234 2218 ipsos
1245 2147 1398 2235 spo-pauco.

135 2305 191 2352 dum
200 2307 389 2368 typothetarum,
398 2307 436 2353 rel
450 2307 513 2354 forto
528 2305 661 2368 exscripto-
710 2306 780 2352 Adeo
790 2305 887 2365 quidem
896 2308 925 2352 ut
939 2305 1051 2366 populun,
1066 2320 1120 2353 mnu
1133 2306 1235 2354 Fabium

134 2381 174 2438 ria,
184 2394 232 2428 non
242 2381 315 2428 fuine
325 2381 523 2429 mimaovenum.
543 2381 570 2429 J.
578 2381 612 2428 B.
710 2380 850 2425 Ronlanum
860 2393 954 2425 servare
964 2380 1044 2439 vellet,
1056 2381 1120 2441 apud
1133 2382 1236 2428 dictato-

176 2453 288 2502 ‘Gratia
297 2454 658 2512 uataiturheiqnecenitatom
710 2469 760 2501 rem
781 2455 892 2515 precibus
910 2455 995 2515 egerit.
1023 2455 1125 2517 [Narrat
1145 2455 1235 2516 Livius,

134 2531 253 2592 illamper
267 2546 293 2579 ae
309 2532 403 2579 efficere
420 2536 448 2578 ut
462 2545 564 2592 regnum
581 2531 614 2577 eit
632 2531 658 2576 in
710 2529 763 2577 Lib.
773 2543 830 2576 vm.
843 2543 895 2589 cap,
904 2528 999 2591 abac}

134 2607 278 2666 patrimonio
298 2607 409 2663 Vrctcrh,
430 2611 473 2653 aut
497 2620 523 2652 ae
544 2605 659 2653 dedente·
754 2604 914 2653 ltGotbcrruu
933 2620 1029 2667 reprom
1052 2607 1079 2653 ia
1099 2605 1234 2667 H'upuuiu]

133 2683 279 2745 accipientis.
307 2683 420 2730 Revera
444 2681 535 2727 nullum
561 2681 658 2727 omnino
709 2683 786 2728 Moris
801 2681 894 2742 antiqui
914 2683 1042 2743 veatIglum
1061 2683 1087 2729 in
1105 2682 1234 2731 Behetriia.

134 2760 247 2820 Regnum
262 2763 300 2805 eat
309 2758 333 2803 in
344 2757 494 2818 patrimonio,
505 2757 550 2802 nint
560 2771 590 2802 ex
599 2771 657 2802 con-
710 2757 772 2805 Vide
783 2757 923 2814 Martanum,
934 2757 988 2806 Lib.
997 2771 1053 2804 ιιι.
1064 2759 1126 2818 (cap.
1137 2758 1183 2816 17).

133 2848 212 2891 aenou,
222 2847 334 2893 expreaao
344 2832 382 2878 vel
392 2831 475 2889 tacito,
488 2831 581 2892 Populi.
603 2832 658 2886 Qua
750 2832 757 2868 ¹
777 2832 836 2880 Cion
851 2832 915 2893 ι’μοι
930 2833 1068 2892 deponant
1075 2833 1162 2893 popula·
1176 2846 1235 2892 quo-

133 2909 164 2957 de
177 2922 205 2956 re
220 2908 323 2954 deImna
336 2907 362 2953 iu
377 2906 449 2953 Notio
461 2906 549 2952 nostrie
559 2905 658 2952 Gallionis
708 2911 753 2956 tier
762 2908 922 2969 displicerent]
938 2909 992 2955 lIoc
1006 2910 1036 2956 de
1052 2909 1149 2956 Herulis
1162 2909 1235 2953 etiam

133 2985 164 3033 nd
174 2985 238 3031 hune
247 2984 336 3031 locum.
365 2983 393 3031 J.
404 2983 437 3031 Β.
708 2984 816 3044 prodidit
824 2983 955 3043 ProeopIue
966 2985 1122 3031 Gothlcorum
1131 2997 1159 3030 ιι.
1168 2982 1234 3042 (cap.

178 3060 186 3095 ¹
200 3059 284 3107 Onna
299 3063 367 3106 actm
385 3059 463 3106 ecdem
476 3058 535 3117 jure
556 3056 657 3120 exercet]
708 3060 746 3116 14,
763 3060 806 3118 15)
827 3059 857 3106 dc
876 3059 1043 3120 longobardie
1057 3060 1147 3106 Paulus
1162 3058 1235 3105 War-

190 3311 208 3360 2
233 3303 295 3361 The
306 3304 436 3359 Dictator
447 3320 502 3360 wan
515 3304 674 3377 Sororeign,
685 3304 792 3379 though
805 3313 974 3379 temporary.
1002 3306 1060 3360 For
1071 3303 1120 3360 the
1132 3309 1234 3360 nature

134 3391 167 3446 of
176 3391 266 3448 moral
281 3390 374 3462 thInge
392 3386 473 3461 [euch
486 3407 517 3447 aa
531 3386 636 3463 power]
653 3391 677 3445 ie
694 3392 795 3447 known
811 3393 886 3448 from
900 3391 976 3447 their
989 3391 1158 3462 operatione,
1175 3391 1233 3447 aad

134 3476 213 3533 thone
226 3477 356 3532 incultius
371 3492 405 3532 or
421 3494 528 3548 powers
542 3476 633 3532 ahloh
647 3476 718 3533 have
733 3477 873 3532 thereme
890 3478 974 3532 effect
995 3483 1070 3532 munt
1087 3476 1123 3533 be
1141 3476 1234 3534 called

132 3561 169 3636 by
181 3563 230 3619 the
242 3579 319 3617 name
329 3579 420 3617 name.
456 3564 485 3617 N
487 3580 529 3618 ow
543 3563 592 3617 the
602 3564 740 3628 Dictator,
755 3563 855 3634 during
865 3563 910 3618 hie
922 3564 1009 3629 office,
1021 3563 1182 3635 performed
1194 3565 1233 3619 nll

131 3648 181 3704 the
201 3655 261 3703 acta
275 3647 365 3703 which
383 3648 433 3704 the
454 3654 528 3703 mont
546 3649 673 3704 abeolute
694 3649 762 3720 king
780 3666 832 3704 can
853 3649 992 3720 perform3
1015 3665 1068 3704 nor
1088 3650 1171 3705 could
1188 3650 1233 3706 hie

131 3741 190 3790 aete
200 3734 238 3789 be
252 3733 392 3790 rendered
403 3733 469 3790 void
482 3734 521 3807 by
534 3752 590 3807 any
602 3751 664 3790 one.
709 3735 775 3791 And
789 3734 838 3791 the
850 3736 982 3792 duration
994 3735 1027 3791 of
1040 3752 1059 3791 a
1069 3736 1150 3807 thing
1164 3737 1232 3793 doen

131 3826 182 3876 not
195 3820 318 3875 atterite
339 3828 449 3876 nature.
487 3821 630 3876 ltindeed
648 3837 705 3893 you
722 3822 772 3877 ank
790 3823 960 3893 concerning
976 3822 1025 3878 the
1043 3822 1160 3894 dignity,
1183 3821 1234 3879 the

130 3908 241 3979 mojam
258 3906 292 3961 of
307 3905 459 3972 theodine,
476 3907 669 3978 undoubtedly
687 3909 709 3962 it
724 3909 748 3963 ie
765 3915 877 3979 greater
894 3909 924 3962 in
941 3926 959 3963 a
976 3908 1123 3979 perpetual
1142 3909 1230 3966 office.

130 3991 165 4047 In
176 3991 317 4048 therama
330 4010 450 4048 manner
467 3993 547 4050 thone
564 3995 689 4065 Regente
709 4011 757 4049 are
774 3995 939 4065 SevereIgna
952 3995 998 4050 for
1011 3993 1060 4049 the
1075 3995 1152 4059 time,
1169 3994 1232 4051 who

130 4095 236 4150 govem
247 4079 350 4151 during
361 4078 411 4135 the
425 4096 543 4150 nonage,
555 4081 684 4151 iurauity,
694 4097 726 4136 or
735 4082 868 4152 captivity
881 4081 914 4136 of
925 4080 974 4135 the
984 4081 1061 4152 king,
1072 4081 1129 4136 aud
1140 4080 1233 4137 whoee

130 4180 225 4236 power
239 4167 327 4221 unct
341 4166 487 4222 revocablo
501 4165 598 4222 before
612 4184 630 4221 a
644 4168 751 4221 certain
765 4167 919 4238 legitimate
930 4167 1038 4239 period.

187 4257 204 4307 3
228 4251 290 4307 The
311 4268 376 4307 caee
396 4253 420 4306 ia
438 4252 569 4308 different
588 4251 656 4306 with
672 4268 823 4322 governcrn
840 4253 933 4309 whoee
953 4253 1096 4324 authority
1112 4268 1178 4324 may
1196 4251 1233 4307 bc

129 4337 254 4394 reroked
275 4344 307 4393 at
327 4354 383 4408 any
402 4338 483 4402 time;
497 4355 528 4394 es
548 4338 598 4396 the
619 4338 699 4412 linge
721 4339 754 4396 ol
772 4339 821 4396 tho
844 4339 934 4396 (lotha
956 4339 1012 4394 und
1033 4339 1081 4394 the
1098 4337 1233 4393 vandale.

130 4421 222 4481 These
234 4439 283 4480 are
296 4429 348 4480 not
358 4424 511 4495 eorereign,

1040 4543 1130 4607 9-2
