2866 4906
922 52 1015 72 -.a-⁶

131 254 200 312 Gar.
213 251 251 321 L]
428 253 524 319 QUID
548 255 715 320 BELLUM,
738 256 834 321 QUID
857 256 937 314 JUSJ
1187 251 1230 315 21

131 413 174 480 sic
185 412 356 501 alloquitur
370 414 475 480 Moses
490 416 585 482 Deus
602 414 644 482 in.
663 414 695 486 7.
751 421 831 499 Quo
845 442 925 506 pens
940 431 1009 485 tom
1024 441 1157 506 mopso,
1175 424 1231 489 cni

130 517 199 580 Dei
212 516 407 600 propinqui,
432 518 518 581 moni
534 518 685 583 dominos
699 519 791 584 Dens
809 531 926 596 meter,
950 523 997 585 od
1019 523 1130 586 omnio
1152 534 1229 588 noto

129 637 205 700 qno
228 615 260 679 οἱ
273 614 454 700 sacimas?
477 638 549 701 qnoe
569 638 647 701 qens
668 628 735 681 tam
751 641 882 703 mopso,
909 620 964 685 cni
985 621 1053 686 εἰπε
1074 623 1227 686 corotico

130 716 232 779 tiones
255 719 288 778 ci
304 713 390 796 jura
415 736 518 800 oepso,
550 716 661 802 quoire
684 728 732 782 est
759 718 810 783 lec
834 719 902 784 haec
928 725 1007 795 toto,
1042 742 1141 805 qnam
1172 742 1225 807 epo

128 814 223 878 leodic
238 834 352 878 coram
371 815 460 878 colice
472 815 648 900 propono?
692 815 956 905 Psalmographus
971 818 1095 884 Psalmo
1111 818 1224 886 cxlvii:
1238 829 1274 869 V*
1285 829 1353 879 Μ·

128 913 264 977 Iudicat
275 913 369 978 Dens
384 914 483 977 verbo
498 935 559 979 eno
579 914 713 991 Iacobo,
742 919 984 984 constitutiones
1005 941 1047 985 oc
1060 919 1145 1002 ybra
1161 943 1225 986 eoo

127 1011 258 1088 Israeli,
283 1033 348 1077 oon
364 1013 417 1077 ito
429 1013 516 1099 fecis
536 1013 627 1099 pesse·
642 1015 726 1081 olli:
753 1018 826 1082 idco
843 1017 929 1100 jora
952 1019 1021 1085 isio
1044 1040 1109 1084 non
1133 1042 1224 1087 nove·

128 1123 214 1180 runt.

200 1212 223 1275 2
256 1211 325 1277 Nec
350 1210 566 1288 dubitandum,
592 1211 668 1299 quin
683 1211 833 1280 fallantur
849 1215 874 1280 J
877 1214 1037 1281 udaeorum
1063 1214 1109 1282 illi
1132 1218 1223 1303 (quos

126 1308 210 1375 inter
232 1310 385 1398 Tryphon
408 1311 444 1376 iu
465 1311 674 1398 disputatione
703 1335 772 1379 cnm
798 1315 823 1379 J
826 1314 940 1399 mnino)
966 1314 1020 1402 qui
1044 1315 1224 1383 existimant

127 1408 224 1473 etiam
239 1408 428 1499 alienigenis,
453 1410 479 1475 si
496 1410 574 1477 salvi
590 1433 658 1478 esse
672 1411 798 1488 vellent,
823 1412 1017 1479 subeundum
1033 1414 1128 1480 inisse
1144 1415 1223 1504 legis

129 1507 297 1574 Hebraico
314 1508 435 1599 jugum.
481 1510 609 1597 ⁶Neque
623 1510 705 1577 enim
722 1533 776 1579 eos
797 1512 916 1601 obligat
932 1513 993 1591 lex,
1019 1513 1131 1601 quibus
1147 1513 1223 1580 data

126 1627 190 1672 non
207 1615 263 1674 osb
311 1610 356 1675 As
368 1608 566 1695 quibusdaia
581 1609 623 1677 sit
639 1609 701 1689 lex,
727 1609 796 1699 ipsa
811 1611 968 1699 loquitur:
996 1615 1089 1680 Aoos·
1104 1615 1220 1681 Israel

125 1707 169 1772 Iit
195 1707 310 1794 passim
334 1706 437 1775 ioedns
456 1730 526 1774 cum
552 1707 628 1797 ipsis
647 1709 758 1788 ictum,
793 1711 854 1799 ipsi
884 1711 917 1777 in
943 1713 1130 1800 peculiarem
1160 1712 1221 1779 Dei

124 1806 274 1893 populum
295 1807 405 1874 adscib
427 1806 593 1875 dicuntur:
617 1810 702 1896 qnod
727 1833 836 1876 nerum
859 1833 928 1879 esse
952 1811 1095 1902 agnoscit
1119 1821 1152 1879 et
1181 1833 1222 1878 ex

124 1905 192 1972 loco
208 1907 381 1972 Denterom
397 1906 504 1972 xxxiii.
519 1909 551 1974 4.
569 1910 683 1994 probat
698 1909 913 1978 Maimonides.

198 2008 220 2071 3
274 2005 358 2084 Quin
386 2004 469 2071 inter
498 2006 583 2093 ipsos
612 2007 768 2075 Hebraeos
796 2008 944 2078 vixerunt
971 2032 1093 2097 semper
1125 2007 1221 2096 aliqui

123 2103 224 2169 exseri
236 2104 377 2171 homines
394 2100 544 2192 εὐσεβεῖς
559 2105 613 2176 soi
628 2105 805 2193 σεβόμενοι
821 2106 882 2177 τᾶν
900 2107 994 2189 Θεὸν,
1012 2111 1112 2196 qualis
1123 2109 1222 2196 Syro-

122 2202 279 2289 phoenissa
306 2204 421 2271 Maith.
442 2227 493 2270 xv.
518 2207 580 2282 22;
615 2207 716 2293 qualis
741 2207 794 2274 ille
818 2208 980 2274 Cornelius
1004 2209 1110 2293 Actor.
1131 2228 1161 2271 x.
1187 2210 1219 2287 2,

122 2305 189 2371 τῶν
208 2299 398 2389 σεβομένων
413 2299 590 2386 Ἑλλήνων.
640 2306 751 2372 Actor.
774 2306 848 2373 xvii.
874 2308 908 2384 4,
936 2305 1095 2372 Hebraico
1128 2317 1220 2377 ’niun

119 2496 208 2542 nostris
220 2495 319 2543 Gallicis
327 2496 358 2543 sd
369 2497 432 2544 bunc
441 2496 528 2543 locum.
556 2495 583 2545 J.
593 2496 626 2544 B.
697 2511 745 2554 eos,
755 2496 797 2557 qni
808 2495 1021 2553 illaexciudenm,
1032 2510 1080 2542 non
1090 2497 1145 2544 ideo
1155 2498 1222 2545 dnm-

163 2569 174 2598 ⁰
190 2570 298 2626 Quaestio
308 2572 421 2619 desolate
429 2571 585 2618 Eibsicorum
592 2571 646 2618 heic
696 2576 779 2618 netum
786 2572 822 2628 iri,
829 2570 991 2630 qnodLegsm
997 2572 1224 2633 eamignoraverint,

118 2646 216 2692 omnino
226 2647 370 2707 seponenda,
385 2650 471 2706 utpote
484 2647 514 2692 ed
524 2659 576 2693 rem
586 2645 646 2691 nihii
695 2648 803 2708 adeoque
820 2660 869 2692 non
887 2647 1070 2705 observaverint,
1084 2648 1152 2708 cujus
1168 2650 1223 2695 nnl-

117 2721 216 2767 iscieus.
257 2721 312 2768 Sive
339 2722 402 2768 enim
424 2721 529 2778 Euboici,
555 2722 646 2780 absque
695 2722 864 2768 lsmnotiiism
877 2720 1060 2779 babebmqnec
1073 2723 1162 2770 babere
1178 2738 1223 2784 po.

118 2796 256 2856 cognitione
276 2801 302 2844 et
318 2797 482 2844 observatione
502 2796 575 2857 Legis
595 2795 646 2841 lle·
695 2801 790 2854 terant3
804 2796 846 2843 sed
858 2796 923 2856 quod
940 2798 1053 2844 adsersus
1069 2798 1159 2858 Legem
1171 2799 1222 2846 Ns·

117 2869 204 2918 Ινηὶω
219 2873 294 2918 sitam
312 2877 425 2919 coemam
443 2871 557 2931 consequi
572 2875 645 2930 potn-
695 2867 805 2925 iurnlem,
815 2881 887 2927 quam
897 2868 1026 2914 sxlnmine
1041 2868 1151 2915 Rationis
1161 2871 1221 2917 bau.

117 2946 188 3004 cunt,
203 2947 253 2995 sire
267 2961 316 2994 non
334 2947 469 3008 miserint:
486 2946 532 2992 boc
546 2950 646 3002 certum,
695 2943 742 2989 rire
755 2943 789 2990 eis
799 2942 894 3000 licebat,
905 2942 1064 3002 peccaverint.
1094 2944 1160 2992 J.13.

119 3225 218 3282 christ„
265 3224 357 3282 'ibose
380 3225 461 3282 three
485 3232 541 3282 seis
564 3227 599 3282 oi
613 3228 692 3282 Laws
711 3226 803 3298 obligo
826 3226 865 3280 all
883 3241 958 3290 men,
979 3239 1093 3279 assoon
1107 3226 1218 3299 asthoy

117 3313 230 3384 aequiro
241 3328 260 3368 a
272 3312 411 3368 sufficient
421 3313 585 3384 knowledge
597 3313 630 3368 oi
640 3313 727 3368 thom

173 3398 255 3454 XVI.
302 3403 316 3452 l
340 3398 433 3453 There
448 3399 471 3467 is
486 3414 540 3452 one
557 3399 654 3454 nation
670 3399 699 3452 in
714 3397 868 3469 particular
880 3401 911 3450 io
925 3393 1016 3449 which
1033 3393 1096 3448 God
1108 3393 1159 3449 has
1174 3411 1216 3451 es-

117 3483 236 3556 pecially
246 3484 329 3554 gisen
340 3483 383 3539 his
396 3484 485 3550 Laws,
495 3485 616 3556 namely,
630 3484 680 3540 the
692 3483 812 3538 Hebron
827 3482 937 3554 people.
967 3481 1022 3535 See
1033 3479 1120 3534 Dent.
1133 3480 1170 3535 iw.
1185 3484 1202 3539 7
1208 3502 1217 3550 3

117 3570 212 3624 Psalm
223 3569 314 3624 cxlvii.

172 3661 190 3710 2
220 3655 248 3711 It
261 3655 285 3710 is
297 3671 449 3711 erroneous
464 3660 494 3710 io
506 3672 626 3728 suppose
638 3653 682 3723 (as
697 3670 774 3710 some
785 3653 859 3709 Jews
873 3651 946 3707 bewe
957 3645 1044 3715 done)
1058 3650 1122 3707 thas
1136 3652 1218 3711 those

117 3742 149 3795 of
160 3741 243 3797 other
253 3743 376 3809 natione,
388 3742 418 3795 in
433 3741 517 3797 order
531 3748 561 3797 bo
571 3742 608 3797 be
622 3742 714 3806 saved,
728 3746 803 3795 musi
814 3739 920 3795 submit
930 3746 961 3794 to
973 3738 1021 3793 the
1033 3738 1138 3793 Jewish
1153 3741 1214 3798 law.

116 3827 173 3882 For
183 3828 233 3883 the
244 3829 298 3883 law
312 3827 379 3883 does
391 3832 442 3882 not
457 3827 549 3899 obligo
559 3827 640 3882 those
652 3834 682 3881 to
694 3827 785 3881 whom
800 3827 823 3881 it
834 3827 857 3880 is
868 3830 920 3880 noi
933 3825 1015 3896 given
1022 3844 1031 3890 ;
1048 3824 1105 3879 and
1117 3825 1140 3879 is
1152 3827 1216 3881 tells

116 3929 148 3967 ns
165 3914 245 3968 iiseli
256 3920 286 3969 to
301 3913 393 3968 whom
410 3914 434 3969 is
451 3914 475 3968 is
492 3915 583 3985 given,
594 3913 633 3985 by
647 3913 753 3984 seying,
766 3912 878 3977 “Hear,
894 3912 918 3967 0
933 3909 1048 3965 Israel.”
1083 3910 1148 3965 And
1166 3912 1216 3968 the

115 3998 189 4054 Jews
211 4015 260 4054 are
279 4000 458 4071 perpetually
479 3999 586 4071 spoken
607 3998 641 4053 oi
659 4014 690 4052 as
716 3997 845 4052 undere
866 3996 970 4068 special
991 4002 1137 4062 coronent,
1158 3998 1215 4053 sud

115 4084 219 4140 chonen
232 4090 264 4139 to
281 4084 318 4140 be
335 4100 354 4139 a
368 4086 494 4156 peculiur
510 4084 613 4157 people
632 4082 666 4139 oi
682 4082 760 4150 θοᾶς
778 4099 809 4137 as
823 4082 1008 4139 Maimonides
1022 4098 1122 4155 proves
1140 4083 1215 4139 irum

114 4169 198 4227 Dent<
210 4171 301 4227 xxxiii.
315 4177 342 4226 4.

164 4262 182 4312 3
210 4257 303 4313 There
314 4273 388 4313 were
399 4257 529 4313 however
546 4256 646 4328 always
657 4256 746 4327 living
762 4271 865 4327 among
876 4254 925 4310 the
936 4255 1010 4311 Jews
1022 4255 1129 4311 certain
1143 4253 1160 4282 ‘⁴
1167 4254 1214 4310 de-

115 4347 182 4402 sout
195 4342 336 4414 persons?
353 4360 384 4398 as
398 4343 448 4399 the
466 4342 695 4415 Syrophoenician
710 4358 828 4408 woman,
846 4341 1000 4406 Cornelius,
1017 4341 1066 4396 the
1085 4340 1215 4396 “deveni

115 4427 238 4486 Greeks”
252 4427 335 4498 (Acts
349 4429 412 4486 xsii.
424 4427 465 4497 4),
475 4428 538 4484 who
553 4445 601 4485 are
615 4429 675 4485 also
689 4429 798 4503 spoken
816 4428 850 4484 oi
865 4429 896 4484 in
909 4429 1021 4484 nemone
1035 4442 1165 4499 passages
1183 4426 1218 4483 oi
