2866 4906
134 244 203 305 Gur.
214 243 280 316 NJ
519 246 565 303 IN
587 246 835 304 SUPERIORES.
1169 238 1232 307 175

134 412 213 480 AElii
228 409 319 488 Laeti,
342 431 437 476 manu
453 410 653 498 palaestritae3
671 434 733 500 quo
749 421 853 479 tamen
871 415 1064 500 Imperatore
1081 413 1133 479 vix
1150 415 1232 500 quis-

133 534 226 599 quam
242 511 302 577 fuit
318 510 504 577 sceleratior.
544 512 740 589 Parthenium,
766 513 854 599 cujus
874 513 990 578 factum
1007 513 1114 578 itidem
1131 514 1232 580 detes·

133 620 220 678 tatur
241 609 464 690 Tertullianus,
490 619 560 677 erat
580 611 641 687 ille,
662 612 716 698 qui
732 612 897 699 pessimum
918 613 1143 698 Imperatorem
1166 615 1232 678 Do-

135 710 298 777 mitianum
315 718 520 798 oppresserat.
571 710 632 776 His
654 720 812 798 comparat
836 711 1032 777 Plautianum
1049 713 1231 799 praefectum

133 809 291 898 praetorio,
317 809 371 896 qui
389 809 571 897 Septimium
589 811 740 876 Severum
762 811 853 877 valde
874 811 1105 899 sanguinarium
1129 813 1231 898 Impe-

134 918 272 975 ratorem
292 909 433 975 occidere
453 908 486 974 in
507 909 623 997 palatio
639 909 790 977 voluerat.
837 910 876 974 In
897 910 1029 976 eundem
1047 910 1231 997 Septimium

136 1007 285 1074 Severum
310 1029 407 1085 arma,
432 1009 520 1094 quasi
546 1031 604 1097 pro
626 1007 802 1094 reipublice
826 1007 966 1090 caritate,
991 1021 1166 1076 sumserunt
1198 1011 1235 1076 in

137 1106 231 1195 Syria
247 1108 433 1173 Pescennius
447 1107 558 1196 Niger,
579 1107 612 1172 in
636 1107 738 1174 Gallia
757 1116 790 1173 et
813 1108 978 1174 Britannia
993 1109 1120 1174 Clodius
1140 1109 1231 1175 Albi-

135 1228 200 1271 nus
237 1206 301 1273 Sed
318 1206 429 1272 horum
446 1227 569 1293 quoque
584 1206 699 1272 lactum
717 1206 901 1272 Christianis
917 1207 1079 1294 displicuit,
1098 1209 1182 1295 quod
1199 1217 1232 1274 et

134 1305 175 1370 ad
193 1305 357 1393 Scapulam
377 1306 479 1392 jactat
495 1305 729 1372 Tertullianus:
757 1309 860 1374 Circa
876 1308 1074 1391 majestatem
1091 1311 1232 1393 impera-

136 1407 217 1471 torie
230 1407 455 1490 infamamur:
480 1418 587 1472 tamen
602 1428 768 1492 nunqnam
785 1408 967 1481 Albiniani,
984 1409 1036 1473 vel
1054 1410 1230 1493 Nipriani

136 1505 187 1569 vel
217 1506 372 1570 Cassiani
397 1507 541 1570 inveniri
564 1517 742 1591 potnerunt
780 1507 971 1572 Christiani.
1025 1506 1163 1572 Cassiani
1188 1507 1232 1572 illi

135 1610 237 1679 erant,
262 1602 315 1689 qni
340 1603 437 1668 secuti
466 1611 556 1669 erant
583 1603 728 1669 Avidium
757 1604 904 1681 Cassium,
931 1604 1032 1670 virum
1059 1606 1230 1694 egregium,

135 1701 187 1786 qni
213 1700 245 1765 in
270 1701 366 1789 Syria
387 1702 496 1768 sumtis
523 1702 617 1769 armis
645 1704 830 1769 causabatur
859 1704 1095 1791 Rempublicam
1123 1728 1157 1771 se
1183 1705 1232 1771 ire

134 1799 321 1877 restitutum,
339 1822 432 1887 quam
448 1803 494 1867 M.
514 1801 661 1867 Antonini
677 1802 868 1892 negligentia
883 1804 1040 1891 perderet.

209 1901 231 1964 2
265 1900 455 1978 Ambrosius,
472 1923 541 1967 cum
557 1900 701 1988 injuriam
715 1925 777 1968 non
794 1902 853 1968 sihi
869 1910 999 1981 tantum,
1018 1905 1073 1971 sed
1090 1912 1124 1972 et
1139 1905 1231 1993 gregi

136 2019 200 2076 suo,
217 2008 250 2065 et
266 1998 395 2066 Christo
410 2000 478 2066 fieri
493 2001 636 2067 crederet
651 2023 672 2067 a
686 2001 912 2079 Valentiniano,
931 2003 1138 2070 Valentiniani
1153 2005 1229 2080 fili03

134 2097 239 2185 populi
265 2098 342 2164 satis
368 2100 511 2166 concitati
537 2110 623 2167 motu
646 2100 687 2167 ad
716 2101 921 2167 resistendum
955 2101 1001 2167 uti
1031 2124 1092 2167 non
1123 2102 1229 2167 voluit.

134 2200 313 2274 ”Coactum
332 2198 441 2285 inquit,
466 2223 648 2286 repupnare
663 2223 727 2266 non
742 2203 841 2266 novi:
866 2203 971 2266 dolere
981 2214 1104 2286 potero,
1116 2215 1231 2287 potero
1242 2227 1388 2312 papiam

128 2299 216 2382 flere,
228 2309 344 2383 potero
356 2319 497 2383 gemere:
514 2303 668 2366 adversus
683 2323 789 2376 arma,
808 2302 935 2375 milites,
958 2302 1080 2365 Gotboo
1096 2323 1227 2386 quaque,
1242 2320 1347 2368 mutes
1387 2301 1392 2312 '

135 2397 288 2482 laetam
307 2419 384 2463 meae
404 2421 500 2463 arma
521 2412 617 2464 sant:
643 2401 729 2464 talia
751 2402 835 2464 enim
856 2410 932 2463 earet
957 2401 1155 2464 munimenta
1176 2421 1230 2463 ea-

135 2498 320 2562 cerdatnm:
344 2498 443 2562 aliter
471 2520 527 2562 nec
553 2500 657 2575 debeo,
686 2521 744 2562 nee
768 2519 900 2582 pessum
926 2499 1081 2562 resistere.
1133 2500 1229 2566 Mox:

133 2596 341 2681 Erigebatur
364 2618 387 2660 a
402 2618 461 2671 me,
487 2609 527 2662 ut
542 2618 765 2682 compescerem
777 2597 956 2682 populum:
980 2599 1167 2681 referebam,
1193 2598 1346 2664 ianm-³2

134 2715 200 2760 meo
218 2695 296 2778 jare
312 2716 384 2771 esee,
402 2706 518 2760 utnon
534 2698 720 2771 eneitarem,
738 2698 775 2761 in
791 2698 858 2761 Dei
874 2719 983 2772 mana,
1001 2709 1038 2761 at
1054 2700 1232 2783 mitiparet

136 2789 225 2859 Idem
250 2793 432 2858 Ambrosius
467 2792 598 2859 Maximi
627 2794 721 2882 copiis
752 2796 901 2860 adversus
933 2797 1166 2882 Imperatorem,
1198 2809 1231 2864 et

135 2968 282 3029 Corruptum
291 2969 317 3016 id
331 2981 418 3015 nomen
429 2982 476 3014 non
492 2969 531 3014 hio
545 2969 617 3014 modo
631 2969 657 3014 in
703 2969 783 3029 pere?
802 2970 910 3015 voluntas
925 2974 958 3016 eet
974 2970 1050 3017 mibi.-
1074 2985 1119 3017 non
1139 2985 1181 3032 eqo
1196 2986 1231 3020 me

135 3042 283 3090 Tertulliano
292 3045 378 3103 Inerat,
390 3044 432 3090 sed
441 3045 518 3090 adhuc
528 3047 566 3090 est
574 3044 600 3088 In
611 3045 657 3090 Su·
706 3044 802 3090 vallabo
812 3043 990 3104 circumfusione
994 3047 1142 3105 populorum
1172 3048 1230 3094 Imi-

134 3120 221 3178 etonio,
236 3121 336 3180 (Demit.
352 3119 486 3178 c.17),ubi
502 3119 621 3177 Saturius,
632 3123 657 3166 et
707 3123 773 3166 tutus
791 3124 828 3166 est
842 3134 943 3178 magnus
963 3121 1094 3180 Gregorius
1108 3122 1169 3167 libro
1184 3135 1230 3169 vn.

134 3192 158 3239 ln
168 3193 267 3241 Victore
281 3194 381 3254 vulgari,
397 3193 438 3239 nbi
454 3192 582 3254 CasperIus
597 3193 657 3255 legi.
708 3195 810 3255 epistola
824 3210 841 3240 r.
858 3194 878 3240 S
882 3196 887 3207 '
900 3195 924 3240 in
940 3199 1012 3240 morte
1023 3195 1232 3254 loncobardorum

133 3271 191 3314 ture
205 3268 404 3328 (Epitom.e.12.
416 3267 528 3327 nnm.8).
707 3285 743 3316 me
755 3271 851 3316 miseere
865 3270 994 3326 noluissem,
1009 3270 1079 3315 bodie
1092 3270 1231 3330 Langobar-

176 3349 194 3376 Ι
206 3341 309 3390 Canem
323 3357 454 3404 repugnare
469 3357 516 3389 nen
529 3343 594 3404 novi]
613 3345 656 3390 In·
708 3346 793 3391 dorum
809 3359 865 3404 perce
880 3358 920 3390 nee
937 3357 1019 3403 repem,
1039 3357 1080 3389 nec
1099 3343 1175 3400 duces,
1190 3359 1231 3391 nee

133 3417 207 3464 seruit
218 3418 510 3464 Gratiannseausuxxnr.
526 3420 657 3478 quaestione
708 3420 992 3477 contractionemque
1006 3418 1032 3462 r'n
1045 3432 1135 3464 summa
1150 3418 1232 3478 confiu-

133 3504 190 3540 vm.
223 3491 298 3553 (Can.
325 3491 376 3552 21.)
411 3493 480 3539 Idem
505 3494 655 3553 Ambrosius,
707 3497 772 3541 sione
782 3499 838 3540 erret
848 3493 933 3538 divisa.

133 3567 233 3627 epistola
244 3580 346 3614 mm.
379 3566 455 3614 Vultis
468 3568 494 3613 in
507 3569 601 3615 uincula
615 3584 657 3615 ra·

132 3816 237 3873 tutione
248 3803 360 3888 enJoIn'3
374 3816 430 3871 and
446 3817 601 3872 Tertullian
615 3820 709 3873 boasts
724 3818 787 3873 thnt
798 3817 847 3872 the
863 3816 1016 3871 Christiana
1033 3815 1088 3870 had
1100 3833 1137 3872 no
1150 3814 1232 3872 share

132 3902 162 3956 in
173 3902 223 3959 the
234 3902 352 3957 murder
363 3903 396 3958 of
403 3902 453 3958 the
464 3904 574 3958 Roman
586 3905 746 3975 Emperors.
786 3901 852 3973 [See
864 3904 913 3956 the
925 3897 1077 3973 passages]

188 3994 206 4043 2
231 3989 380 4054 Ambrose,
397 3988 505 4060 though
524 3989 632 4060 fearing
649 3990 730 4042 harm
748 3996 799 4043 not
817 3989 883 4058 only
898 3993 928 4041 to
945 3986 1062 4041 hImself
1073 3987 1126 4044 but
1139 3995 1170 4043 te
1187 3985 1231 4039 his

131 4071 204 4128 flock
214 4074 291 4129 from
305 4073 496 4139 ValentInian,
509 4077 602 4130 would
616 4082 667 4130 not
677 4090 727 4128 use
741 4074 790 4129 the
802 4075 970 4128 excitement
985 4073 1018 4126 of
1029 4071 1078 4126 the
1089 4073 1189 4145 people
1200 4084 1230 4123 as

132 4173 151 4211 a
163 4176 260 4215 means
275 4159 309 4216 ef
324 4161 493 4225 miscenam
510 4177 541 4215 es
555 4161 592 4216 he
606 4177 668 4232 says
684 4161 712 4213 ln
729 4159 772 4214 his
790 4159 921 4231 Epietles.
950 4155 1041 4224 [See]
1077 4158 1138 4213 The
1155 4168 1231 4211 same

131 4242 268 4302 Ambmse
282 4245 377 4300 would
391 4252 442 4300 not
456 4263 505 4301 use
523 4246 572 4301 the
589 4248 679 4300 forces
695 4245 729 4298 of
746 4246 885 4298 MaxImus
900 4244 1008 4313 ngaInst
1022 4241 1072 4295 the
1087 4244 1231 4313 Emperor,

130 4328 240 4403 though
254 4331 326 4387 both
339 4348 376 4385 nn
391 4331 476 4385 Arium
491 4333 545 4386 and
559 4349 596 4385 an
609 4346 755 4401 oppressor
770 4330 803 4383 of
814 4328 863 4384 the
876 4327 996 4381 Ohurch.
1033 4327 1072 4380 So
1087 4327 1167 4381 when
1180 4323 1231 4376 Ju-

129 4413 189 4472 lian
202 4416 253 4474 the
268 4416 407 4490 Apastate
421 4433 476 4472 was
491 4418 626 4489 punning
640 4415 689 4470 the
703 4421 777 4470 most
792 4414 961 4469 destructive
977 4412 1113 4478 counsels,
1127 4412 1164 4467 he
1177 4418 1236 4462 was
