2866 4906
227 194 270 256 40
416 200 471 258 AN
492 199 668 256 BELLARE
690 198 860 267 UNQUAM
880 200 1035 257 «IUSTUM
1057 199 1127 255 SIT.
1216 194 1291 265 [hus.
1300 196 1323 251 1.

228 367 259 441 5,
278 366 309 429 6.
366 366 455 445 Quia
477 367 578 430 atium
605 367 796 450 samuioem
821 377 971 440 ucatmm,
998 367 1036 429 id
1062 376 1109 430 eet
1136 365 1326 428 animorum

227 476 418 539 bactrorum,
434 486 621 549 reposcam:
645 466 688 530 ab
705 467 792 530 omni
809 466 912 530 boetia
927 486 1093 549 reposcam
1109 484 1203 528 eum:
1229 475 1327 548 atque

227 565 328 630 etiam
350 565 390 628 de
415 585 516 628 manu
540 565 680 629 hominio
703 565 849 639 alternata,
875 575 983 648 utpote
994 564 1135 647 fratria,
1159 584 1327 646 reposcam

228 664 368 728 hominia
393 665 549 727 animam.
604 663 759 747 Quisquis
785 664 935 746 efflcdeolt
959 663 1153 747 sanquinem
1177 662 1327 736 homimis,

229 763 286 844 pul
302 773 349 827 eet
364 763 401 826 in
423 763 558 837 homine,
582 763 718 846 sanquis
740 761 808 845 ojus
833 762 1037 846 effundetur:
1063 763 1144 843 quio
1169 761 1327 824 bominem

229 863 277 924 od
293 861 423 946 effipiam
440 862 628 946 soomfecit
643 862 743 926 Deus.
796 859 860 924 Hic
882 880 959 947 ergo
985 858 1111 944 quidam
1135 856 1221 932 illud,
1244 857 1329 944 quod

230 958 271 1024 de
295 958 485 1044 reposcendo
510 958 661 1046 sanguine
680 957 804 1035 dicitur,
830 956 1061 1046 generalissime
1083 955 1272 1045 intelligunt,
1296 963 1329 1021 et

230 1056 363 1124 alterum
379 1057 418 1123 de
434 1056 621 1122 effundendo
639 1056 770 1123 vicissim
791 1056 951 1145 sanguine,
963 1085 965 1089 ¹
975 1055 1244 1122 comminationem
1260 1071 1329 1121 esse

231 1157 349 1232 volunt,
376 1178 439 1221 non
465 1155 739 1242 approbationem:
764 1177 897 1242 quorum
921 1163 1067 1221 neutrum
1096 1153 1172 1218 mihi
1199 1175 1233 1219 se
1258 1175 1329 1240 per·

231 1255 350 1320 suadet
400 1254 484 1320 Nam
505 1254 704 1320 interdictum
719 1255 760 1320 ds
775 1253 926 1343 sanguine
951 1276 1013 1319 non
1033 1253 1219 1320 effundendo
1235 1252 1328 1318 latius

230 1375 294 1418 non
308 1360 397 1439 patet
412 1375 505 1440 quam
521 1353 606 1439 quod
620 1353 653 1418 in
674 1355 745 1442 lege
761 1362 818 1429 est,
844 1356 922 1420 Noa
947 1356 1094 1428 occidasr
1118 1352 1202 1439 qnod
1227 1372 1330 1437 neque

231 1452 414 1539 capitalibus
440 1452 604 1538 suppliciis,
631 1473 733 1537 neque
760 1452 848 1517 bellis
870 1451 1024 1518 obstitisse
1049 1450 1246 1543 manifestum
1272 1457 1328 1515 est

231 1552 300 1616 Lex
315 1572 392 1638 ergo
408 1558 473 1615 tam
490 1551 566 1625 haec,
592 1571 686 1636 quam
711 1549 774 1627 illa,
801 1570 863 1615 non
890 1557 955 1615 tam
977 1549 1050 1614 novi
1071 1548 1189 1634 aliquid
1217 1548 1329 1613 consti·

230 1648 300 1725 tuit,
318 1669 411 1734 qnam
423 1647 477 1734 jus
493 1657 615 1714 naturae
630 1669 730 1734 prava
741 1647 962 1714 consuetudine
974 1647 1172 1715 obliteratum
1189 1646 1330 1712 declarat

229 1755 326 1833 atque
346 1746 482 1834 repetit:
508 1747 592 1812 unde
610 1747 706 1813 verba
730 1747 784 1812 illa
806 1746 1009 1835 intelligenda
1028 1746 1061 1811 in
1076 1769 1114 1813 eo
1130 1753 1203 1811 sunt
1225 1767 1328 1820 sensu,

230 1845 285 1931 qui
316 1845 425 1911 vitium
457 1845 604 1911 includit:
637 1844 716 1911 sicut
749 1844 905 1911 homicidii
934 1845 1059 1910 nomine
1090 1867 1152 1910 non
1187 1843 1330 1930 quamvis

229 1942 363 2010 hominis
386 1943 503 2009 cedem
533 1942 741 2031 intelligimus,
775 1944 831 2010 sed
863 1943 1059 2020 destinatam,
1090 1953 1123 2011 et
1147 1942 1327 2012 innocentis.

232 2043 324 2120 Quod
349 2064 424 2108 vero
449 2041 589 2128 sequitur
611 2043 652 2108 de
674 2041 825 2131 sangnine
841 2041 974 2108 vicissim
990 2043 1186 2119 effundendo,
1204 2041 1329 2109 videtur

230 2141 305 2206 mihi
322 2163 385 2207 non
400 2140 516 2206 sactum
533 2141 660 2217 nudum,
677 2141 732 2206 sed
741 2140 794 2228 jus
810 2140 976 2207 continere.

303 2242 326 2306 3
359 2240 441 2306 Rem
456 2239 501 2305 ita
518 2240 644 2327 explico.
695 2240 820 2306 Natura
842 2261 905 2305 non
930 2239 1068 2328 iniquum
1093 2249 1152 2318 est,
1174 2248 1210 2306 nt
1232 2262 1329 2327 quan·

207 2336 213 2344 ’
229 2347 296 2405 tum
313 2338 443 2425 quisque
464 2338 540 2405 fecit
561 2337 643 2419 mali,
669 2338 852 2405 tantundem
870 2339 1019 2426 patiatur,
1032 2341 1125 2428 juxta
1140 2339 1226 2417 illud,
1245 2339 1330 2426 quod

230 2430 482 2505 ”Rhadamanthi
493 2437 547 2524 jus
563 2437 695 2503 dicitur:

403 2569 464 2627 Εἵκε
480 2570 558 2626 πάθοι
578 2570 612 2626 τά
627 2570 651 2627 τ’
668 2573 741 2644 ἔρεξε
763 2573 819 2642 δίκη
840 2577 881 2628 καὶ
903 2573 969 2628 ἰθεῖα
990 2574 1099 2646 γένοιτο.

404 2659 473 2721 Qnoe
487 2657 556 2712 fecit
570 2658 593 2712 si
605 2660 722 2730 quisque
736 2659 819 2726 ferat,
830 2661 877 2729 jus
890 2660 941 2714 liet
955 2668 984 2715 et
998 2676 1119 2731 aequum.

229 2822 277 2874 tur,
292 2820 320 2863 ut
330 2816 424 2876 justum
440 2816 565 2870 habeatnr,
583 2828 613 2862 cx
628 2816 755 2876 preceptis
803 2816 826 2861 si
835 2829 889 2875 qaas
897 2829 922 2862 se
931 2816 995 2862 ultas
1008 2817 1040 2863 eit
1053 2816 1083 2863 ds
1096 2831 1131 2875 co,
1146 2817 1187 2877 qui
1196 2819 1269 2877 prior
1283 2819 1330 2863 sisa

229 2887 345 2933 naturalis
359 2886 470 2932 Rationis
484 2885 627 2931 constitutas
641 2885 714 2931 fuisse
729 2890 755 2932 et
803 2890 916 2946 intulerit,
929 2891 1021 2949 impunc
1032 2891 1137 2951 idssrat.
1153 2891 1264 2952 (capiv.
1274 2892 1288 2952 5
1297 2893 1329 2949 9).

228 2961 346 3007 inductas.
375 2959 474 3006 Talibus
490 2958 553 3005 enlm
569 2959 684 3004 naturalis
703 2959 754 3005 Rs-
848 2962 859 2994 ⁷
874 2964 937 3011 Vide
952 2965 993 3012 De
1006 2965 1089 3026 Lepid.
1099 2967 1153 3013 Lib.
1164 2980 1203 3015 rx.
1214 2968 1284 3014 Tem.
1300 2980 1329 3014 rr.

229 3032 301 3078 tionis
310 3033 405 3078 diemde
414 3037 526 3078 censetur
537 3032 584 3079 Jns
596 3032 714 3092 gentium,
725 3047 754 3079 ex
804 3053 862 3101 pag,
871 3040 926 3096 864,
936 3045 961 3088 at
974 3056 1042 3102 „qap
1072 3043 1099 3089 J,
1110 3044 1142 3090 Β,

228 3110 433 3153 mentereternm.
463 3106 529 3154 J.B.
848 3114 1330 3177 llaenficissepoeuasJServinsadpri-

273 3178 754 3242 *RamisjooJApudApollodo
803 3203 869 3236 mum
892 3190 980 3238 librum
1004 3192 1140 3238 AEneidos:
1167 3193 1236 3250 (scus.
1261 3193 1331 3251 1so):

228 3270 289 3313 rusa,
305 3256 358 3303 Lib.
374 3269 404 3302 ιι.
420 3255 505 3315 No'pos
525 3255 706 3316 'Potaadvtow
728 3258 755 3304 dn
804 3263 903 3311 lustin
915 3266 1061 3325 persolvetis.
1087 3267 1331 3327 Ethicsermoape.

229 3331 260 3379 ἂν
277 3332 401 3392 ἀμύνηται
424 3333 472 3379 τὸν
492 3333 583 3393 χειρῶν
601 3331 692 3378 ἀδίκων
709 3333 754 3390 dp·
804 3340 875 3385 mnia
884 3339 1015 3386 duoendit:
1031 3339 1332 3401 mstiquommmt'mpoenoe

229 3406 482 3466 ξανταᾰθῶονεῖναι.
498 3406 754 3455 tantomcnshi:
804 3424 881 3459 omnes
897 3415 1045 3473 pecuniaria
1056 3416 1168 3475 filtrum·
1198 3415 1231 3461 st
1250 3415 1281 3460 sd
1300 3414 1329 3460 li·

624 3553 940 3562 -—-·-—--—---——.--—-

228 3655 286 3710 will
296 3655 317 3708 I
324 3657 429 3727 requiro
439 3656 469 3722 lt,
483 3673 561 3713 some
573 3658 744 3714 understood
755 3658 785 3713 in
800 3658 850 3715 the
862 3666 935 3715 most
949 3657 1064 3730 general
1073 3674 1169 3721 sonse;
1187 3657 1244 3710 and
1255 3657 1330 3712 what

228 3741 253 3795 is
266 3740 328 3796 said
341 3741 513 3807 atterwards,
531 3744 627 3797 Wloso
640 3745 761 3798 shcddctlt
777 3744 863 3799 man's
880 3745 964 3808 blood,
982 3745 1016 3814 ly
1031 3761 1099 3796 mora
1112 3742 1183 3797 alell
1199 3743 1239 3796 aa
1254 3743 1331 3796 blood

229 3827 258 3882 bs
268 3827 339 3891 sled,
350 3826 419 3899 they
430 3828 531 3899 regard
542 3845 573 3882 as
585 3845 603 3882 a
614 3827 802 3899 threatening,
811 3834 862 3883 not
876 3845 913 3882 an
925 3828 1069 3900 approral.
1093 3829 1109 3882 1
1121 3835 1224 3882 cannot
1236 3833 1331 3883 assent

229 3918 259 3966 to
274 3911 365 3966 either
380 3912 504 3983 opinion.
539 3913 601 3969 Tha
615 3912 748 3968 interdict
762 3914 932 3984 concerning
948 3913 997 3968 the
1009 3912 1148 3985 shedding
1162 3913 1195 3968 of
1205 3913 1291 3967 blood
1306 3915 1330 3968 is

229 4003 280 4052 not
291 3997 324 4052 oi
334 3997 419 4052 wider
427 4003 524 4052 extent
534 3997 604 4052 than
615 3997 665 4053 the
679 3998 837 4063 command,
854 3999 929 4053 Ttoa
940 3999 1011 4053 stult
1021 4008 1068 4052 not
1079 3998 1128 4052 lcill
1135 4017 1144 4051 .·
1159 3998 1215 4052 and
1227 3998 1292 4063 this,
1307 4000 1330 4053 it

228 4083 253 4138 is
269 4082 355 4154 plain,
368 4083 436 4138 does
453 4088 505 4138 not
521 4082 647 4154 prohibit
662 4083 753 4140 either
770 4084 873 4156 capital
894 4083 1077 4156 punishment
1095 4100 1127 4138 or
1146 4100 1225 4138 vars.
1265 4083 1330 4138 And

229 4167 279 4223 the
289 4184 344 4222 one
358 4167 419 4232 lau,
430 4184 462 4223 as
474 4168 536 4224 well
548 4185 579 4223 as
591 4168 640 4223 tho
654 4169 745 4230 other,
761 4169 828 4224 does
842 4176 894 4224 not
905 4170 1056 4224 constitute
1071 4186 1126 4241 any
1137 4186 1199 4224 neu
1214 4169 1331 4234 offence,

229 4254 282 4309 but
299 4253 365 4326 only
386 4254 511 4308 declares
525 4254 582 4309 and
599 4260 711 4325 repeats
728 4254 777 4309 the
798 4255 920 4310 Natural
941 4255 1016 4319 Lau,
1034 4255 1203 4310 obliterated
1219 4255 1258 4326 by
1276 4256 1331 4310 evil

229 4344 346 4396 cnstona
381 4338 507 4396 whence
521 4339 570 4395 ths
582 4339 672 4396 words
697 4335 829 4412 [stcdbtl
845 4340 932 4396 moab
949 4334 1038 4410 blood]
1057 4356 1107 4397 ars
1126 4346 1158 4397 tc
1174 4341 1211 4397 be
1228 4341 1330 4396 under
