2866 4906
250 200 314 268 370
495 208 547 261 DE
569 206 846 273 Acumslrtoun
868 207 1117 272 Dnnwnrlvs,
1226 205 1302 275 [iarn.
1315 208 1355 262 11.

249 375 332 441 sioru
347 373 460 440 indicia
476 371 561 439 nulle
583 380 664 452 sunt,
682 373 767 438 credi
792 395 946 460 quemque
972 372 1005 439 id
1026 372 1067 438 de
1084 393 1141 438 sue
1164 372 1358 438 successione

248 474 393 541 statuisse
410 474 493 560 quod
517 472 570 538 lex
596 479 651 537 unt
673 494 739 537 mos
764 472 861 539 hebet
885 472 1001 561 populi,
1027 493 1090 537 non
1115 479 1240 538 tuntum
1264 493 1307 537 ex
1325 472 1358 537 vi

249 573 379 661 imperii,
398 573 454 639 sed
482 595 522 638 cx
548 570 733 658 conjecture,
752 592 823 657 quae
853 571 947 638 etiem
970 572 1003 638 in
1030 592 1084 636 eos
1109 570 1204 648 velet,
1222 591 1357 657 quorum

249 673 283 740 in
312 693 406 738 manu
437 679 486 738 est
515 692 668 737 summum
696 670 870 757 imperium.
917 671 1000 737 Nem
1027 669 1120 737 ethi
1151 669 1357 758 probabiliter

250 773 420 839 creduntur
436 771 469 836 in
485 770 579 837 rebus
595 769 658 835 suis
673 769 881 856 {equissimum
900 769 1067 857 judicosus,
1091 769 1177 856 quod
1197 778 1256 836 eut
1280 769 1358 859 legi-

249 873 308 938 bus
325 879 496 938 sanxerunt
512 869 581 957 ipsi,
598 877 654 936 eut
674 869 813 935 moribus
829 870 984 958 probent3
1007 869 1042 934 in
1057 867 1095 934 iis
1112 868 1183 935 dico
1199 869 1306 946 rebus,
1324 869 1358 935 in

250 972 362 1059 quibus
376 971 418 1036 de
434 970 518 1036 nullo
535 968 672 1056 ipsorum
687 968 800 1034 damno
815 969 930 1058 egitur.

325 1070 404 1136 XII.
452 1069 516 1135 Sed
555 1068 589 1133 in
627 1089 797 1156 regnorum
833 1067 1024 1135 successione
1056 1063 1208 1156 distingui
1239 1065 1359 1133 debent

249 1191 358 1260 regne,
376 1190 447 1256 quae
464 1167 556 1256 pleno
572 1167 664 1233 modo
680 1166 886 1253 possidentur,
903 1176 936 1233 et
959 1167 992 1233 in
1008 1164 1195 1253 pstrimonio
1211 1175 1298 1243 sunt,
1315 1166 1357 1232 nb

249 1271 298 1337 hie
312 1291 383 1355 quae
400 1268 524 1334 modum
540 1265 676 1333 habendi
691 1265 846 1352 accipiunt
862 1289 903 1333 ex
924 1265 1030 1353 populi
1046 1286 1217 1332 consensu:
1236 1285 1299 1351 quo
1317 1264 1357 1330 de

250 1368 427 1435 discrimine
442 1366 563 1456 egimus
579 1387 682 1452 supre.
710 1365 829 1432 Peioris
843 1366 967 1456 generis
981 1385 1081 1454 regns
1094 1363 1209 1432 ²‘diuidi
1226 1371 1357 1450 possunt

250 1468 344 1535 etiem
371 1467 454 1533 inter
478 1487 581 1533 meres
609 1469 661 1532 ⁸et
686 1464 826 1543 feminus,
848 1473 884 1533 ut
906 1465 940 1532 in
966 1466 1113 1554 AEgypto
1135 1473 1168 1531 et
1189 1462 1357 1531 Bouana

250 1566 322 1634 olim
338 1567 455 1634 fectum
471 1565 632 1632 videmus:

293 1740 304 1765 ²
317 1729 405 1778 Dividi
415 1733 516 1790 posnani
528 1730 599 1776 οίίαοι
611 1729 673 1777 inter
682 1730 774 1792 mores]
828 1733 870 1781 doc
884 1733 926 1780 unt
940 1731 1079 1795 διαδόχονο.
1094 1731 1207 1778 hocloco
1227 1728 1279 1793 γᾰρ
1293 1729 1356 1779 otoo

251 1807 282 1854 In
293 1805 449 1853 nonnanes
459 1804 530 1850 simul
545 1805 688 1865 regnabant,
703 1807 737 1852 sle
751 1810 778 1852 et
827 1808 936 1869 γέννημα
956 1807 998 1855 καὶ
1019 1806 1090 1867 rapu*
1113 1807 1214 1853 τούτοιν
1233 1806 1357 1865 εἰληφυῖα

248 1881 292 1929 uni
311 1880 458 1940 precipuum
478 1883 541 1925 esset
560 1879 603 1939 jus
627 1880 775 1928 diadematis.
826 1878 1074 1939 τουτὶτὸνιότιρον
1088 1876 1148 1934 ἔθου,
1163 1875 1357 1936 ἅτόγιινὸβοό-

248 1955 362 2016 Polybius
372 1952 587 2014 Exclegntionum
597 1965 674 2000 xcm.
705 1954 777 2001 Iove.
827 1953 904 2001 λοτο·
931 1954 1001 2014 Quod
1019 1952 1277 2003 maximinio-andem
1296 1955 1368 2009 erate

248 2028 653 2090 niesetepudLivium(xn1w.19;
668 2030 776 2089 null)
827 2028 901 2074 uoluit
911 2033 937 2074 ut
951 2043 998 2074 ιιοκ
1010 2043 1071 2075 uuus
1080 2029 1215 2088 ιἰκρονατνί,
1230 2026 1357 2073 munden

248 2105 398 2165 eundemque
421 2105 555 2166 Polybium,
580 2105 705 2165 (Except
729 2106 773 2166 leq.
826 2116 912 2148 osorem
928 2103 1029 2162 Imperii
1046 2101 1305 2162 Constantinopolim
1318 2113 1357 2147 oe·

247 2178 289 2239 89)
303 2180 440 2240 AEgyptunu
454 2180 518 2225 inter
532 2180 619 2225 fratres
632 2179 776 2226 Ptolemaeos
827 2181 904 2234 eren,
916 2176 959 2223 red
971 2177 1082 2224 αοῑκιιον
1093 2176 1229 2236 principun
1242 2175 1270 2221 ι’νι
1287 2174 1358 2221 Occi·

248 2254 354 2301 divisum.
384 2254 440 2301 rnn
449 2254 535 2300 Attilae
542 2258 629 2313 gentes
643 2253 689 2299 eibi
702 2253 776 2300 dividi
827 2250 893 2298 dente
910 2252 1017 2298 ciuitates
1032 2256 1055 2298 et
1072 2251 1178 2311 reyiones
1192 2248 1358 2296 dividerentur

248 2343 318 2389 teque
338 2332 403 2374 sorte
421 2329 566 2388 poscebant·
592 2328 728 2374 Joruendee
747 2327 777 2375 de
826 2325 1090 2387 indnyoloefih'orum,
1103 2325 1177 2372 uteie
1191 2338 1291 2384 roym
1302 2328 1357 2370 tort·

247 2404 327 2450 Rebus
346 2400 472 2451 Gottte'cu'e.
490 2401 555 2462 (esp.
572 2403 626 2458 50).
654 2401 776 2462 Gregorne
826 2415 898 2461 quum
909 2402 1037 2461 proprium
1055 2399 1166 2460 οιριινοιιι
1180 2398 1357 2459 patrimum

248 2479 481 2527 Ltb.w11.delreue
498 2476 631 2523 Andronici
645 2476 777 2536 Puteologt
826 2490 843 2521 α
851 2476 962 2535 patritus
971 2475 1025 2522 ud
1014 2488 1079 2535 ιριοο
1084 2473 1226 2534 purumne
1236 2474 1276 2521 ita
1289 2473 1341 2520 es
1329 2487 1356 2519 ιιι

248 2568 336 2600 uxore:
351 2554 383 2599 τό
399 2553 424 2599 dl
434 2568 587 2611 καινοτορον,
598 2569 639 2597 οτι
649 2568 677 2597 ον
687 2568 777 2610 μοναρ-
822 2549 968 2610 plebeiorum
987 2549 1104 2595 bominum
1123 2548 1189 2594 botrie
1202 2548 1265 2607 fleri
1289 2549 1356 2605 solet,

249 2629 307 2688 χίας
322 2627 410 2688 τρόπῳ
426 2626 494 2672 κατα
507 2626 554 2682 τήν
569 2625 776 2686 ἐπικρατήσασαν
827 2624 1058 2684 comperpetuum
1071 2622 1279 2683 citiusquelt'beroe
1289 2623 1356 2670 lere-

248 2704 379 2763 ‘Pmytulots
406 2702 515 2762 ἀρχῆθεν
544 2701 684 2760 συνήθειαν,
706 2700 776 2747 ditd
827 2700 911 2760 desque
924 2700 1078 2748 ducemne.
1106 2698 1168 2759 Ipsa
1181 2699 1243 2745 enim
1258 2713 1312 2746 eun
1326 2713 1356 2746 ιτ

249 2779 346 2839 τρόπον
362 2777 499 2833 tortoreto,
515 2777 715 2833 διανειμαμένους
729 2775 777 2823 τα“α
826 2775 953 2821 occidentis
965 2775 1075 2834 partibus
1091 2779 1169 2820 ortum
1182 2774 1288 2831 baberet,
1305 2789 1355 2821 no·

249 2852 378 2912 Ῥωμαίων
397 2852 486 2898 πόλεις
506 2851 547 2897 καὶ
572 2851 662 2911 χώρας,
688 2850 777 2910 ἄρχειν
826 2863 883 2906 retu,
898 2864 965 2909 queem
977 2850 1008 2895 ab
1022 2850 1080 2908 tynis
1094 2853 1227 2910 acceperat,
1243 2849 1291 2896 leuc
1305 2851 1356 2897 elne

249 2927 317 2974 κατα
339 2926 412 2985 μέρος
436 2928 488 2972 τῶν
513 2925 582 2971 νΙέων
604 2926 720 2978 ἕκαστον,
744 2925 776 2973 oie
826 2925 929 2985 exemplo
962 2925 1109 2972 introducere
1132 2926 1212 2972 anim
1235 2926 1354 2986 agitabat.

249 3002 339 3048 οἰκείου
357 3000 449 3059 κλήρου
464 3001 505 3046 καὶ
523 2999 650 3058 κτήματος
667 3001 713 3044 τοῦ
728 2998 776 3044 λα·
825 2999 1037 3060 (Peg.106.Edtt.
1052 3000 1151 3058 ΟΜ)

248 3075 351 3135 χόντοο,
361 3074 388 3119 ἐκ
399 3075 505 3132 πατρῶν
519 3074 564 3131 μὲν
575 3073 599 3118 lt
610 3074 699 3119 αὑτοὺα
709 3073 776 3118 κατὰ
870 3083 881 3108 ·
894 3074 931 3120 Et
938 3075 1053 3134 seminat,
1066 3079 1093 3120 ut
1107 3075 1132 3120 t'n
1141 3075 1249 3136 AEqypte
1259 3080 1283 3124 et
1295 3075 1356 3123 Βῆ·

249 3150 296 3195 τὸν
304 3147 511 3208 ἐπικρατήσαντα
522 3147 596 3205 νόμον
607 3153 665 3192 rats
674 3164 776 3208 τιριον·
825 3148 920 3208 tannia]
937 3150 977 3195 De
991 3150 1130 3196 Alexandro
1145 3155 1170 3197 et
1184 3151 1291 3198 Laodice
1301 3152 1356 3199 ride

249 3225 315 3270 eluto
335 3224 376 3268 καὶ
398 3220 505 3275 κτήσισι
523 3223 574 3266 τῶν
589 3221 720 3279 βαναύσων
735 3218 776 3266 α’ν·
826 3224 951 3284 Polybium
972 3226 1091 3284 excerptis
1117 3225 1267 3285 legationum
1294 3239 1354 3273 uxr..

249 3297 355 3356 θροῦπων
380 3296 521 3350 κατιόντος,
545 3293 776 3354 ταρατεμπομένον
826 3294 857 3340 de
871 3295 966 3340 Auletes
981 3295 1031 3340 filiu
1044 3296 1185 3342 Strabonem
1196 3309 1266 3343 xvir.
1280 3297 1354 3358 (pag.

249 3374 269 3420 δ’
285 3370 364 3419 ἔπειθ’
380 3372 469 3432 ὁμοίως
483 3373 518 3418 eis·
532 3372 591 3417 τοὺς
607 3370 699 3430 ἐφεξῆς
714 3374 776 3414 παῖ·
826 3369 894 3427 796.)
914 3370 943 3415 ln
952 3369 1014 3414 Asin
1026 3374 1082 3429 post
1093 3370 1274 3417 Semiramidem
1283 3371 1355 3418 femi-

995 3500 1033 3507 .-

248 3590 316 3644 with
330 3596 441 3661 respect
455 3595 486 3644 to
504 3589 547 3644 his
563 3605 625 3644 own
642 3588 808 3651 successim,
821 3587 885 3642 thet
901 3586 990 3643 which
1006 3587 1055 3643 the
1069 3588 1122 3642 lew
1141 3604 1175 3643 or
1192 3591 1304 3643 custom
1322 3587 1358 3643 of

248 3674 297 3729 the
309 3676 410 3745 people
422 3675 541 3730 directe:
561 3676 618 3728 end
633 3675 696 3737 this,
711 3679 763 3728 not
774 3673 841 3743 only
855 3672 928 3727 from
940 3674 990 3728 the
1004 3675 1081 3729 force
1097 3673 1129 3728 of
1138 3672 1188 3728 the
1206 3673 1356 3745 authority

249 3760 282 3814 of
292 3757 340 3812 tho
356 3759 444 3822 State,
458 3760 596 3815 butirum
611 3761 772 3830 conjecture
787 3759 820 3812 ot
828 3757 903 3813 whnt
917 3758 967 3814 the
982 3758 1106 3830 person’s
1120 3759 1176 3812 will
1190 3775 1255 3813 wne.
1287 3759 1356 3814 And

248 3845 305 3900 this
321 3844 345 3897 is
364 3849 394 3898 to
411 3844 447 3897 be
461 3844 527 3899 held
541 3846 615 3916 good
636 3847 695 3900 also
715 3845 748 3900 of
765 3844 814 3899 the
832 3861 947 3915 persons
967 3845 1027 3900 who
1046 3844 1184 3899 burethe
1204 3845 1356 3916 sovereign

248 3928 400 3999 authority.
424 3929 481 3983 For
492 3930 559 4002 they
570 3949 618 3986 ere
630 3932 767 4002 probably
778 3931 906 3986 believed
916 3937 946 3985 to
958 3929 1029 3985 have
1040 3930 1148 4001 judged
1159 3930 1190 3983 in
1201 3928 1278 3984 their
1290 3945 1356 3984 own

248 4033 312 4071 cese
323 4014 387 4069 thot
399 4014 488 4069 which
500 4016 523 4070 is
535 4023 608 4071 most
619 4018 770 4088 equitabis,
781 4015 872 4071 which
887 4018 911 4070 is
925 4016 1000 4071 what
1012 4016 1080 4088 they
1091 4015 1164 4071 hero
1178 4014 1356 4071 established

248 4120 278 4158 ne
292 4102 346 4157 lew
360 4118 393 4157 or
403 4101 567 4157 sanctioned
581 4119 611 4156 ss
623 4109 739 4158 custom.

301 4189 368 4243 XII.
404 4190 440 4242 In
451 4188 500 4243 the
514 4188 677 4242 Succession
689 4195 718 4242 to
730 4189 886 4262 kingdom,
897 4206 938 4243 wo
951 4193 1025 4243 must
1036 4186 1203 4258 distinguieh
1211 4186 1357 4259 thehing·

248 4276 328 4331 domn
343 4275 433 4331 which
448 4291 496 4328 ure
508 4272 573 4327 hold
585 4273 624 4344 by
637 4274 755 4345 plenory
765 4275 921 4345 possession
934 4275 990 4328 and
1002 4273 1092 4327 which
1103 4290 1152 4327 ere
1163 4273 1359 4344 patrimoniuh

247 4363 323 4417 from
337 4361 418 4416 those
430 4359 520 4414 which
538 4375 586 4413 ere
601 4358 668 4413 held
682 4360 712 4413 in
726 4375 804 4415 some
818 4378 878 4433 wey
893 4360 1035 4431 involwing
1053 4359 1103 4415 the
1120 4363 1239 4414 consent
1258 4359 1293 4414 oi
1305 4359 1359 4416 the
