2866 4906
135 244 203 300 Car.
218 240 267 310 V.]
423 243 535 299 JURIS
557 241 600 296 IN
622 238 832 305 PERSONAS,
853 240 935 294 ETC.
1166 228 1230 292 333

134 408 203 496 quis
219 429 253 473 se
270 404 371 471 datin
387 404 569 471 servitutem
583 402 761 489 perfectam,
776 410 813 468 ut
828 399 873 466 illi
887 400 970 488 apud
988 400 1161 466 Germanos
1177 398 1232 488 qui

134 506 299 572 novissimo
316 504 392 570 aleae
401 503 488 590 jactu
502 503 541 568 de
558 503 702 568 libertate
716 500 962 566 contendebant:
994 502 1106 566 Victus
1121 502 1233 568 colun·

136 609 261 671 tarium
280 605 464 670 servitutem
480 604 563 678 adit,
586 600 632 668 ait
647 599 783 665 Tacitus.
821 598 926 664 Etiam
942 599 1026 685 apud
1044 600 1180 675 Graecos,
1197 607 1233 665 ut
1245 620 1382 705 {We

134 712 252 823 parra
259 702 343 767 Dion
358 701 547 767 Prusaeensls
563 699 702 764 oratione
715 719 771 763 xv·
763 726 890 788 ‚peplos
907 688 1008 777 δήπου
1023 689 1266 776 insitionem,
1274 727 1337 766 sua

135 799 268 874 inercie
291 793 495 893 ἐλεύθεροι
478 825 580 873 οντες,
604 794 693 866 ὥστε
715 790 875 865 δουλεύειν
898 792 986 863 aurci
1009 792 1231 890 συγγραφήν·

135 903 297 967 innumeri
319 922 391 965 cum
409 900 503 964 liberi
522 900 598 974 siat,
621 919 654 963 sc
669 899 904 963 inservientem
925 898 1017 971 daut,
1034 908 1071 961 ut
1087 899 1148 962 l’ec
1161 918 1235 962 coa·

136 1012 262 1065 tractus
268 998 421 1083 formale
436 998 591 1062 οοοοὶοιιι.

206 1101 228 1164 2
261 1096 322 1162 Est
337 1104 441 1161 autem
464 1094 598 1158 servitus
615 1093 763 1180 perfecta,
782 1115 852 1179 quoe
868 1102 1035 1181 perpetuas
1047 1114 1158 1182 operas
1179 1093 1235 1160 de·

134 1198 190 1263 bet
209 1218 266 1284 pro
282 1192 437 1259 alimentis
453 1202 486 1258 ct
505 1192 582 1267 aliis,
598 1214 670 1278 quoe
684 1192 758 1259 vitoe
773 1192 939 1257 necessitas
953 1192 1070 1281 exigit:
1095 1215 1165 1279 quse
1182 1214 1234 1259 res

135 1296 162 1360 si
186 1295 232 1360 ite
257 1292 427 1379 accipiatur
450 1291 483 1355 in
509 1290 651 1355 terminis
675 1291 877 1367 naturalibus,
895 1291 993 1357 qnihil
1014 1292 1111 1357 habet
1137 1291 1170 1357 iu
1199 1313 1234 1357 se

136 1393 238 1458 nimiae
264 1390 462 1458 acerbitatis:
488 1410 560 1453 nam
587 1400 738 1476 perpetua
759 1390 821 1454 ista
845 1390 993 1478 obligatio
1017 1399 1234 1478 compensatur

137 1500 288 1578 perpetua
304 1490 358 1555 illa
372 1488 588 1554 alimentorum
608 1488 803 1567 certitudine,
818 1510 911 1574 quam
928 1511 1012 1575 saepe
1028 1511 1090 1554 non
1106 1491 1233 1567 habent,

136 1590 189 1675 qui
223 1590 351 1656 diurnas
375 1608 487 1674 operas
517 1587 631 1664 locant,
661 1586 744 1652 unde
773 1586 885 1653 accidit
913 1610 1006 1675 saepe,
1040 1588 1124 1675 quod
1153 1588 1235 1655 dixit

136 1689 295 1756 Eubulus:
744 1778 746 1782 λ

321 1846 324 1853 ,
350 1787 454 1843 Ἐθέλει
468 1782 493 1842 δ’
505 1785 566 1842 ἄνευ
579 1788 675 1857 predari
689 1787 749 1859 παρ’
764 1789 850 1846 αὐτοῖς
864 1789 1011 1859 καταμένειν

349 1874 409 1929 ’Errl
424 1874 516 1929 σιτίοις
522 1875 543 1928 ⁰.

349 1978 466 2033 Manere
481 1976 557 2048 apud
571 1975 633 2031 illos
648 1976 744 2041 voluit,
758 1977 894 2032 mercedis
908 1994 1015 2040 carena

351 2063 437 2118 Victa
452 2068 608 2117 contentus.

138 2178 225 2244 Idem
244 2175 386 2243 Comicus
401 2175 494 2242 alibi:

351 2313 453 2366 Πολλοὶ
466 2314 595 2384 φυγόντες
609 2311 746 2376 δεσπότας,
761 2311 894 2383 ἐλεύθεροι

344 2396 446 2461 ‘'onea,
461 2397 540 2452 πάλιν
555 2400 661 2466 ζητοῦσι
675 2398 721 2466 τὴν
734 2399 813 2467 αὐτὴν
827 2397 935 2469 φάτνην.

353 2502 408 2565 Qui
422 2517 452 2555 se
466 2500 577 2571 fugitivi
592 2505 738 2571 gesserunt
752 2518 804 2572 pro
819 2501 929 2554 liberis:

350 2586 435 2640 Multi
449 2591 599 2641 recurrunt
612 2583 746 2658 'pristina
759 2586 796 2641 ad
810 2585 955 2658 praesepia.

136 2741 189 2787 tilis
200 2742 284 2788 Roma
296 2740 429 2788 constituit.
461 2740 524 2801 [Lex
535 2741 661 2801 AEgyptia,
709 2741 773 2788 Vide
782 2755 811 2788 ea
821 2742 851 2787 de
862 2755 889 2788 re
903 2741 1026 2802 egregiam
1038 2742 1170 2802 Busbequii
1184 2744 1234 2790 dis·

137 2828 185 2873 qus
202 2815 226 2861 id
246 2817 381 2871 vetabatur,
399 2829 414 2861 a
434 2815 550 2862 Bocchori
570 2817 662 2863 eanmta
710 2817 862 2863 certationem
873 2818 942 2876 epist.
954 2817 1099 2863 eroticarum
1109 2818 1189 2865 tertis.

136 2892 223 2946 iuerat,
233 2895 258 2936 et
267 2890 371 2936 refertur
385 2903 400 2935 a
413 2890 538 2938 Dronoao
555 2893 660 2947 Sicuuo,
754 2889 766 2917 ⁰
780 2889 854 2951 Apud
870 2889 1037 2947 Aminaeum,
1051 2891 1115 2937 nnds
1129 2891 1181 2938 haec
1191 2892 1236 2939 ds·

137 2965 190 3012 Lib.
200 2965 323 3024 acepit).
335 2978 359 3024 p.
370 2966 408 3011 ὅθ.
417 2964 467 3012 Ed.
478 2965 514 3011 H.
525 2964 605 3025 Stept.
622 2966 661 3013 De
710 2969 789 3011 sumta
807 2967 873 3018 sunt,
894 2967 941 3020 est,
956 2963 1108 3012 Ἐπισιτιοι.
1126 2965 1180 3012 Lib.
1196 2979 1234 3015 vr.

136 3038 315 3100 Lequoetilic,
325 3039 506 3087 rideVsnsore.
523 3039 661 3088 DeL.Lat.
710 3053 763 3099 cap.
775 3041 811 3084 12.
843 3039 899 3085 Duo
918 3044 1000 3085 autem
1015 3054 1096 3086 versus
1107 3047 1236 3101 sequentes

136 3115 191 3161 Lib.
202 3128 237 3161 vr.
253 3129 309 3176 pag.
319 3117 356 3162 82.
372 3121 398 3162 et
412 3115 520 3172 birrum,
535 3115 589 3162 Lib.
603 3128 661 3164 vrrr.
710 3114 829 3161 hahentur
852 3115 916 3174 apud
942 3115 1083 3172 Sacamum,
1108 3116 1176 3163 Serm
1197 3118 1236 3166 69.

137 3192 239 3249 οορ.28.
267 3189 296 3237 J.
307 3188 351 3249 B.]
710 3188 781 3235 J.B.

181 3272 193 3305 a
202 3262 275 3308 Nihil
283 3263 352 3309 tabet
361 3263 386 3309 in
395 3277 420 3309 re
427 3263 505 3308 nimia
514 3260 661 3321 acerbitatis]
754 3269 764 3295 ¹
774 3261 886 3307 Pristim
896 3260 1066 3321 adproesepia]
1076 3262 1148 3322 Apud
1159 3263 1233 3310 Plau·

134 3511 194 3580 ject
204 3514 235 3562 to
249 3507 379 3562 aiathcr.
412 3510 470 3565 But
487 3528 505 3565 e
518 3510 611 3566 father
625 3515 729 3566 munst
739 3510 803 3581 gire
816 3509 860 3565 his
874 3526 925 3565 sou
937 3515 968 3565 to
982 3509 1109 3574 another,
1124 3510 1153 3563 in
1165 3510 1236 3566 such

138 3613 156 3649 a
171 3611 288 3647 manner
307 3593 370 3648 that
389 3594 439 3649 the
456 3596 584 3667 paternal
601 3613 696 3668 power
713 3612 808 3667 pasees
823 3596 894 3667 fully
913 3601 943 3650 to
960 3595 1028 3660 him,
1041 3596 1098 3650 and
1117 3596 1180 3652 that
1198 3597 1237 3652 he

138 3680 239 3736 should
253 3679 398 3750 discharge
413 3680 462 3735 the
477 3683 555 3736 office
569 3682 603 3736 oi
611 3680 721 3744 iathar:
741 3681 786 3735 ior
799 3681 864 3744 this,
877 3687 977 3736 nature
993 3681 1061 3736 does
1074 3688 1125 3737 not
1139 3682 1233 3738 suffer.

138 3766 195 3819 But
207 3765 243 3819 ho
258 3782 324 3836 may
338 3767 486 3820 commend
501 3766 545 3820 his
557 3783 608 3822 son
625 3774 656 3821 to
673 3765 801 3833 another,
819 3766 875 3821 end
887 3766 951 3838 give
966 3766 1026 3821 him
1040 3773 1071 3822 ιο
1086 3767 1136 3822 the
1153 3768 1237 3823 other

137 3856 168 3905 ιο
180 3851 216 3904 be
227 3849 350 3921 brought
362 3868 400 3922 up
413 3868 443 3905 as
455 3869 492 3906 an
504 3853 626 3924 adopted
639 3869 699 3907 son.

191 3936 316 3991 XXVII.
352 3942 366 3990 1
393 3936 454 3992 The
465 3945 539 3992 most
550 3939 663 4009 ignoblo
674 3938 780 4009 specics
791 3937 825 3993 oi
833 3937 1019 4008 subjectionis
1030 3936 1093 3993 thet
1105 3937 1134 3992 in
1146 3936 1238 3993 which

139 4039 157 4075 a
169 4037 271 4093 person
284 4022 360 4092 gives
375 4022 491 4077 himself
503 4025 563 4078 into
577 4024 688 4095 perfect
701 4024 825 4094 slavery3
839 4040 870 4079 ns
888 4023 969 4079 those
984 4038 1087 4094 among
1100 4023 1150 4078 the
1165 4024 1236 4078 Ger·

138 4123 217 4161 mans
233 4106 295 4160 who
309 4107 411 4179 pleyed
427 4108 476 4163 the
489 4108 543 4163 last
560 4109 650 4164 throrr
666 4109 700 4164 ot*
712 4108 763 4164 the
778 4109 840 4164 dice
856 4110 902 4164 ior
915 4108 990 4163 their
1005 4125 1068 4163 own
1083 4109 1195 4180 liberty,
1206 4120 1238 4163 aa

139 4191 251 4244 Tacitus
264 4208 334 4263 says.
374 4194 411 4247 So
424 4194 480 4248 Dio
493 4196 671 4249 Prusoeensis.

192 4280 210 4327 2
232 4276 307 4331 Thet
321 4278 344 4331 is
362 4279 471 4349 perfect
485 4280 604 4351 slavery,
618 4279 699 4334 when
713 4298 732 4334 a
749 4297 814 4334 men
827 4280 904 4351 gives
917 4279 962 4334 his
976 4277 1066 4332 whole
1081 4278 1181 4333 labour
1191 4278 1240 4334 ior

139 4375 206 4415 orer
219 4359 263 4414 ior
276 4361 325 4416 tho
339 4370 504 4420 sustonence
517 4365 575 4419 and
589 4365 671 4421 other
681 4366 850 4422 necessaries
861 4366 895 4421 oi
905 4365 963 4420 life.
1001 4364 1031 4418 li
1040 4364 1088 4419 the
1100 4371 1203 4419 matter
1214 4365 1239 4422 is
