2866 4906
246 187 311 251 208
503 194 556 250 Du
577 194 691 250 hunul
713 193 859 260 cunels,
880 195 931 250 ΕΤ
952 195 1110 252 PRIMUM
1219 193 1293 263 [Lm.
1307 198 1347 255 11.

245 361 339 431 liceat
357 359 513 427 destinato
529 360 562 425 id
576 360 690 439 facere,
707 360 791 426 unde
811 382 894 426 mors
911 360 1107 448 aggressuris
1128 360 1169 427 sit
1192 371 1347 441 secutura,

246 461 303 526 sed
327 460 411 547 quod
439 458 490 525 hie
516 481 599 525 mors
626 458 679 525 illa
703 481 766 524 non
794 459 938 548 eligutur,
966 469 1001 524 ut
1026 460 1172 546 quiddam
1199 461 1348 548 primario

247 558 409 634 intentum,
427 557 505 625 sicut
521 557 554 623 in
571 557 729 645 punitione
741 557 890 644 judiciali,
908 557 964 623 sed
988 568 1024 624 ut
1049 559 1182 637 unicum,
1202 562 1286 646 qnod
1309 585 1346 627 eo

248 667 388 745 tempore
414 657 574 745 suppetit3
600 680 668 723 eum
691 657 719 722 ia
745 657 798 744 qui
821 657 979 743 impetitus
999 657 1066 744 jam
1090 667 1147 735 est,
1174 659 1269 724 etiam
1294 661 1347 726 illo

248 767 390 843 tempore
406 756 498 822 malie
513 756 626 822 debeat
643 755 706 821 tale
722 755 839 843 aliquid
857 757 969 833 facere,
986 778 1048 842 quo
1069 757 1150 822 alter
1172 759 1348 826 absterrea-

249 865 311 934 tnr,
328 864 383 922 aut
400 855 589 930 debilitetur,
607 876 699 941 quam
715 877 776 942 quo
792 855 936 922 intereat

324 957 364 1022 V.
407 957 426 1019 1
461 947 646 1020 ¹Perieulum
677 976 815 1041 praesens
841 954 892 1020 hie
918 954 1099 1042 requiritur,
1129 965 1162 1022 ct
1196 958 1284 1043 quasi
1316 959 1347 1024 in

249 1063 373 1142 puncto.
425 1055 542 1120 Fateor
561 1052 697 1140 quidem,
720 1054 747 1117 si
771 1054 936 1119 insultator
958 1077 1046 1120 arma
1068 1055 1209 1142 arripiat,
1232 1067 1265 1124 et
1281 1058 1349 1144 qui-

249 1155 320 1219 dem
335 1153 380 1219 ita
395 1161 432 1218 ut
447 1161 599 1240 appareat
616 1174 684 1218 eum
703 1152 735 1217 id
760 1153 863 1219 facere
883 1153 1041 1219 occidendi
1064 1155 1176 1232 animo,
1200 1157 1345 1243 occupari

249 1273 340 1339 posse
364 1251 504 1318 facinus:
531 1273 602 1318 nam
626 1251 658 1316 in
679 1252 859 1330 moralibus,
875 1262 911 1318 ut
933 1262 965 1318 et
986 1252 1017 1317 in
1037 1253 1230 1320 naturalibus
1253 1278 1347 1342 pune

249 1362 316 1418 tum
332 1374 394 1417 non
419 1350 576 1418 invenitur
593 1350 659 1416 siue
676 1351 780 1436 aliqua
799 1351 982 1418 latitudine:
1012 1353 1068 1418 sed
1090 1352 1220 1419 multum
1237 1355 1347 1419 faliun-

248 1459 302 1517 tur
327 1459 360 1517 et
382 1451 503 1528 fallunt,
524 1449 578 1537 qui
603 1459 718 1516 metum
745 1450 1064 1539 qualemcumque-ad
1084 1450 1138 1538 jus
1161 1455 1348 1540 occupandae

155 1590 162 1603 ·
248 1549 472 1616 interfectionis
496 1549 673 1615 admittunt
721 1550 806 1615 Vere
831 1548 912 1614 enim
939 1550 1054 1615 dictum
1080 1559 1128 1616 est
1152 1573 1173 1616 a
1200 1553 1348 1617 Cicerone

249 1649 350 1736 primo
373 1648 413 1714 de
434 1647 556 1715 officiis:
581 1647 878 1734 plurimaeiujurias
899 1658 1020 1714 amatu
1044 1649 1202 1737 proticisci,
1224 1673 1293 1716 eum
1310 1651 1346 1728 is,

250 1747 304 1834 qui
325 1769 438 1814 nocere
454 1746 546 1813 alteri
562 1747 689 1835 cogitat,
708 1746 807 1824 timet,
826 1769 868 1813 ne
890 1747 949 1812 nisi
972 1747 1005 1814 id
1027 1748 1172 1827 iecerit,
1163 1771 1230 1836 epse
1246 1750 1348 1836 aliquo

85 1863 237 1950 ffiss't‘i'
249 1846 402 1914 afficiatur
432 1846 634 1912 incommodo.
682 1846 851 1913 Clearchus
866 1846 966 1971 apud
997 1848 1256 1972 Xenophontem:
1294 1849 1347 1917 aui

251 1974 321 2040 ’γαρ
342 1939 415 2015 eide
433 1938 493 2028 ἤδη
508 1941 708 2065 ἇνθρῶπους,
733 1942 811 2018 ‘rode
832 1943 893 2023 adv
914 1942 950 2013 ix
969 1939 1138 2033 διαβολῆς,
1158 1945 1236 2021 ‘rode
1252 1941 1286 2017 de*
1308 1946 1348 2038 ἐξ

252 2043 407 2139 ὑποψίας,
426 2078 455 2114 οι
443 2039 690 2162 φοβηθέντες
708 2040 887 2128 αλλήλους,
909 2041 1040 2138 φθάσαι
1055 2044 1248 2133 βουλόμενα
1268 2048 1347 2170 erpino

250 2142 410 2223 παθειν,
395 2145 554 2226 εποίησαν
569 2140 740 2225 ἀνήκεστα
760 2142 840 2213 rard
858 2141 935 2218 ‘reiis
958 2174 1037 2213 οντο
1053 2143 1302 2229 μέλλοντας,
1267 2178 1347 2216 oure

248 2241 471 2331 βουλομένους·
486 2273 639 2314 τοιοντον
655 2239 756 2313 οὐδέν·
782 2247 900 2310 multoe
923 2267 978 2329 eqo
994 2249 1080 2322 novi,
1102 2250 1160 2330 qui
1179 2250 1348 2313 calumnia

250 2346 388 2412 adducti
413 2356 472 2410 aut
499 2346 688 2430 eaepieione,
716 2347 792 2409 dum
819 2356 963 2411 metuunt
987 2347 1079 2421 ulios,
1110 2358 1140 2411 et
1167 2350 1349 2431 prevenire

249 2445 376 2509 maone
393 2467 496 2532 qaam
509 2447 646 2528 perpeti,
663 2445 876 2510 atroeieeimie
891 2445 991 2511 madia
1008 2466 1059 2510 eoa
1080 2448 1264 2529 affecerant,
1287 2448 1349 2531 qui

247 2544 339 2608 nihil
354 2544 420 2609 tale
426 2544 563 2628 facturi
572 2545 723 2628 fueraut,
735 2565 775 2608 ae
791 2565 830 2609 aa
845 2545 1066 2627 cogitaverant
1082 2544 1223 2630 quidem.
1268 2546 1347 2609 Cato

248 2640 280 2705 in
305 2641 446 2706 oratione
470 2662 528 2727 pro
553 2641 802 2706 Rhodiensibus:
833 2644 918 2728 quod
943 2644 1018 2709 illoc
1042 2642 1184 2707 dicimus
1209 2644 1347 2709 voluieec

245 2831 309 2873 trum
327 2824 368 2872 De
385 2825 448 2873 Jura
466 2823 526 2871 Nat
544 2829 567 2871 et
589 2822 656 2872 Gent.
672 2824 726 2872 Lib.
741 2837 771 2871 ιι.
822 2837 874 2871 νοι·
903 2824 1042 2872 Curitarum
1061 2826 1161 2883 inuidia,
1183 2827 1206 2872 ri
1229 2828 1279 2887 ipse
1293 2827 1348 2885 jum

245 2914 298 2962 etp.
307 2902 330 2948 6.
360 2900 389 2949 J.
399 2900 430 2948 B.
821 2900 912 2946 ιἰιοίιοι
921 2902 1039 2960 periprca
1053 2901 1348 2961 adductuepericulum,et

291 2975 297 3008 ¹
311 2974 449 3022 Periculum
454 2973 568 3034 prauus]
585 2973 665 3034 Hujus
672 2974 771 3020 diutine·
821 2974 866 3021 hee
879 2980 902 3021 et
915 2975 985 3022 aliteri
998 2977 1093 3036 quiduis
1105 2977 1261 3037 aggrediatur
1267 2980 1349 3038 potiar

244 3049 317 3096 tionis
330 3063 399 3096 usum
416 3050 540 3108 egregium
556 3050 610 3095 vide
625 3050 690 3109 apud
705 3049 771 3109 Aqu-
821 3062 891 3108 quum
905 3051 936 3095 ub
953 3051 1084 3097 hominihus
1098 3053 1265 3099 inimiciuinu'e
1276 3055 1349 3114 perdi

245 3124 362 3170 thiaram.
374 3124 425 3181 [ubi
435 3125 465 3170 de
476 3125 541 3170 eaede
557 3124 659 3183 Gabari,
670 3138 690 3170 e.
703 3127 724 3169 1.
735 3123 770 3184 2.]
821 3137 846 3169 ae
854 3124 926 3171 tinet.
949 3125 1039 3185 [Loeue
1049 3132 1086 3173 eet
1097 3127 1111 3187 ᾗ
1122 3130 1159 3174 60.
1191 3129 1238 3175 Sed
1251 3131 1291 3176 uhi
1308 3145 1348 3175 ca.

245 3199 319 3259 Apud
330 3199 493 3258 Thucydidem
504 3199 592 3246 Oetaeo
600 3199 768 3258 Phrynichus:
821 3213 861 3244 eus
877 3200 937 3246 eiius
951 3205 996 3259 est,
1011 3216 1082 3261 quam
1096 3203 1126 3249 de
1137 3217 1184 3263 quo
1195 3204 1247 3250 heio
1257 3205 1346 3263 agitur.

244 3272 287 3319 ὅτι
300 3272 469 3333 ἀνεπίφθονον
483 3273 508 3320 ei
522 3273 567 3330 ἤδη
589 3273 627 3327 ein
645 3273 703 3332 περὶ
725 3275 771 3328 τῆς
820 3274 901 3335 J.B.]

244 3348 330 3407 ψυχῆς
350 3347 381 3394 δι’
407 3348 512 3396 ἕκαίνοιιι
534 3349 698 3395 κινδυνεύοντι
729 3348 771 3395 καὶ
866 3349 1163 3411 ⁶1taqnoqnehebetin
1178 3353 1347 3414 Excerptirea

243 3422 323 3468 τοῦτο
340 3422 381 3468 καὶ
395 3421 462 3469 ἄλλο
477 3439 505 3467 τι
520 3421 551 3469 ὃν
566 3423 657 3482 δρᾶσαι
671 3422 771 3481 μᾶλλον
824 3423 928 3484 stupet
940 3424 1005 3473 Com.
1019 3425 1183 3487 Graciaptg.
1193 3430 1251 3477 390:
1262 3444 1347 3490 quam·

243 3494 317 3549 ιῖὑπό
335 3496 388 3541 τοῖν
399 3495 524 3556 ἆχθὶστων
540 3497 618 3543 αὑτὸν
631 3497 770 3556 διαφθαρῆ·
820 3511 892 3557 quam
908 3500 980 3546 verba
995 3503 1134 3562 ceteroquin
1149 3517 1197 3549 non
1210 3504 1282 3564 plane
1298 3506 1347 3553 sint

244 3743 270 3798 if
284 3760 322 3800 uo
339 3744 422 3802 other
436 3766 495 3820 way
510 3749 543 3804 oi
562 3751 652 3824 sufety
666 3771 780 3825 appear,
798 3755 820 3809 it
839 3772 903 3827 may
921 3764 972 3810 not
989 3755 1026 3809 be
1040 3755 1135 3809 lawsul
1151 3760 1180 3808 to
1192 3753 1228 3807 do
1241 3752 1303 3807 that
1316 3754 1350 3806 of

244 3836 289 3884 set
305 3848 435 3903 purpose,
453 3835 543 3889 which
564 3839 619 3891 will
638 3856 721 3894 cause
739 3839 788 3894 the
810 3840 895 3895 death
918 3842 951 3896 oi
970 3841 1019 3896 the
1037 3856 1190 3911 aggressor,
1207 3839 1260 3892 hut
1282 3839 1346 3892 thot

244 3915 313 3970 such
328 3917 413 3972 death
425 3920 448 3973 ie
460 3929 511 3975 not
523 3922 625 3978 choseu
640 3942 670 3979 ae
685 3926 843 3997 something
858 3929 1003 3999 primarily
1018 3927 1161 3989 intended,
1180 3942 1210 3980 aa
1225 3926 1253 3978 in
1268 3925 1345 3994 judi·

245 4002 299 4056 cial
313 4003 494 4073 punishment
512 4008 536 4061 it
554 4009 586 4072 ia,
601 4009 652 4064 but
667 4011 689 4065 it
703 4013 727 4065 is
741 4012 845 4067 chesen
857 4029 888 4067 as
903 4013 952 4067 the
967 4013 1033 4085 only
1049 4013 1129 4083 thing
1141 4010 1229 4065 which
1241 4011 1264 4064 is
1277 4010 1347 4064 then

245 4088 382 4160 possible;
400 4091 476 4145 since
493 4092 529 4146 he
546 4094 608 4149 who
626 4096 649 4150 is
667 4099 807 4164 attached,
826 4115 896 4154 ewen
914 4099 983 4153 then
998 4099 1087 4169 ought
1104 4106 1134 4152 to
1152 4098 1189 4151 do
1210 4096 1348 4168 anything

245 4174 283 4246 by
297 4174 387 4230 which
402 4176 450 4232 the
464 4179 597 4234 assailant
619 4198 683 4253 moy
701 4183 737 4238 he
758 4185 856 4239 secred
878 4202 964 4257 away,
985 4202 1018 4239 or
1037 4185 1170 4255 deprived
1192 4182 1225 4237 of
1244 4200 1349 4255 power,

245 4259 342 4316 rather
356 4262 424 4317 than
435 4263 473 4335 by
487 4263 578 4319 which
590 4265 627 4321 he
641 4284 705 4340 may
717 4270 754 4325 be
766 4270 861 4327 killed.

292 4348 336 4403 Ὗ.
374 4355 388 4404 l
411 4350 531 4407 Preeent
549 4351 655 4422 danger
669 4354 692 4408 ie
707 4354 776 4411 here
790 4357 929 4427 required,
946 4357 1001 4411 und
1017 4356 1166 4412 imminent
1185 4357 1215 4410 in
1234 4372 1252 4410 a
1267 4357 1349 4427 point

787 4452 806 4489 ιι
