2866 4906
440 234 628 291 EP1S‘ront
650 234 702 290 AD
724 235 943 291 LECTOREM.
1193 249 1275 293 xxxv

118 395 190 463 Tibi
215 396 331 484 liquido
359 398 516 476 adserere,
546 399 662 465 nnllam
694 400 870 467 Editionem
904 398 1046 468 Gratiani
1081 398 1194 487 Operis
1225 398 1271 468 ita

118 496 313 562 emendatam
324 505 357 563 et
369 498 523 564 utentium
536 499 665 565 utilitati
677 501 944 567 adcommodatam
958 501 1108 565 hactenns
1118 500 1271 587 prodiisse

117 594 205 661 Vale.
256 596 436 663 Scribebam
465 600 652 684 Groainqoe,
684 600 758 684 ipsis
786 600 937 667 Kalendis
965 599 1136 667 Novembr.
1181 598 1270 664 Anni

116 693 206 760 AErae
224 694 413 763 Christiana
430 696 567 786 vulgaris
583 699 737 766 M.DCC.
749 700 841 766 XIX.

194 1016 257 1081 Ira
291 1015 448 1103 praefabar
480 1024 554 1082 ante
586 1038 685 1083 annos
717 1016 902 1104 quindecim,
937 1025 970 1084 ot
1003 1018 1086 1105 qnod
1120 1015 1267 1085 excurrit.

118 1117 221 1194 Quum
239 1123 342 1181 antem
358 1115 398 1180 de
416 1116 521 1203 Opere
538 1116 713 1183 recudendo
728 1118 866 1208 cogitare
881 1140 1038 1184 necessum
1055 1126 1147 1195 esset,
1165 1115 1269 1182 omnia

116 1215 230 1281 iterum
257 1213 406 1292 recensui,
436 1224 469 1281 et
498 1237 559 1280 non
588 1235 687 1303 panea
716 1217 785 1282 heio
812 1217 874 1282 illio
898 1218 1023 1283 Notnlis
1047 1217 1123 1282 meis
1147 1224 1183 1282 ut
1204 1216 1269 1281 fert

115 1336 222 1380 earnm
239 1314 358 1392 modns,
375 1313 491 1380 addidi.
529 1315 666 1381 Plurima
682 1316 749 1382 loca
765 1317 935 1381 Auetorum
952 1316 1158 1392 laudatorum,
1176 1336 1216 1380 ex
1230 1312 1269 1378 iis

115 1435 185 1500 qnoe
208 1413 345 1479 nondum
362 1434 551 1499 repereram,
575 1421 640 1490 snt,
659 1415 869 1481 deficientibus
886 1425 960 1481 tuno
983 1415 1085 1481 Libris
1107 1414 1191 1480 unde
1213 1433 1268 1498 pe·

115 1513 174 1580 tita
190 1521 291 1590 erant,
316 1533 458 1598 quaerere
475 1535 537 1577 non
561 1512 700 1591 licuerat,
724 1515 852 1580 inventa
867 1524 976 1602 postea
992 1513 1123 1602 signavi,
1145 1521 1183 1580 nt
1198 1511 1266 1598 jam

114 1611 147 1677 in
171 1612 246 1699 ipsis
272 1611 408 1677 fontibus
433 1632 472 1677 ea
494 1634 616 1698 quoquo
641 1612 822 1700 inspiciendi
844 1615 941 1681 cnivis
965 1614 1006 1681 sit
1022 1613 1154 1679 facultas
1171 1612 1263 1678 data:

115 1710 280 1798 aliquando
297 1709 392 1776 etiam
405 1710 547 1788 indicavi,
564 1712 647 1777 unde
662 1713 794 1780 hsberet
809 1716 934 1791 Noster,
951 1736 1021 1800 qnae
1035 1735 1097 1778 non
1114 1713 1177 1778 suis
1193 1731 1265 1776 ano-

115 1812 234 1877 toribns
261 1809 469 1896 adscripserat
495 1818 528 1876 et
555 1832 698 1897 qnaenam
729 1834 821 1880 eausa
854 1813 970 1879 erroris
996 1813 1026 1879 ei
1056 1812 1161 1881 fuerit.
1212 1808 1266 1875 Ad

116 1931 276 1985 summm,
303 1908 337 1974 in
366 1908 506 1974 omnibus
534 1910 674 1975 eamdem
707 1912 869 1992 rationem,
896 1935 933 1978 ae
962 1921 1065 1989 antea,
1095 1910 1198 1986 tenni,
1216 1919 1264 1989 nt,

116 2017 266 2094 qnantum
282 2006 351 2073 fieri
365 2017 480 2093 posset,
496 2008 634 2074 ornatior
650 2010 751 2076 adhue
767 2033 850 2076 nova
865 2011 1006 2098 prodiret
1021 2011 1135 2077 Editio.
1187 2007 1266 2075 Vel-

115 2108 175 2172 lem
190 2115 228 2174 ut
244 2107 386 2173 omnibus
402 2107 521 2172 mendis
536 2109 770 2196 typographicis
784 2132 882 2175 vaona
896 2112 964 2175 haeo
980 2118 1081 2175 esset:
1098 2111 1154 2175 sed
1168 2129 1264 2196 qnum

114 2206 145 2272 id
162 2206 217 2274 vix
236 2205 359 2294 sperari
382 2216 477 2292 queat
492 2207 525 2271 in
541 2207 603 2271 ullo
621 2208 716 2299 Lilpro
738 2208 823 2296 typis
838 2209 1049 2285 describendo,
1067 2208 1181 2274 nedum
1197 2206 1264 2282 tali,

115 2307 205 2392 quale
220 2315 271 2372 est
287 2307 377 2393 Opus
399 2305 481 2371 istud
499 2305 701 2372 Grotiannm:
725 2328 926 2393 qnaeonmque
943 2316 1057 2382 errata,
1079 2315 1134 2371 aut
1153 2305 1266 2370 omissa

114 2404 332 2485 animadverti,
360 2425 430 2491 qnae
446 2402 560 2470 tantilli
582 2406 727 2471 momenti
745 2413 856 2480 essent,
880 2404 1004 2478 notavi3
1032 2412 1077 2479 ut,
1101 2411 1265 2488 postquam

114 2525 154 2569 ex
170 2503 274 2569 indice
291 2503 361 2590 quis
377 2524 415 2568 ea
432 2504 611 2580 eorrexerit,
634 2503 720 2581 nihil,
744 2511 829 2589 puto,
852 2501 1084 2588 superfuturum
1107 2501 1157 2576 sit,
1183 2498 1268 2584 quod

113 2625 182 2668 enm
200 2611 353 2669 moretur.
393 2602 540 2669 Ceterum
556 2624 574 2668 e
590 2603 741 2670 Versione
758 2623 829 2666 mea
845 2609 878 2665 et
894 2600 986 2666 Notis
999 2598 1118 2663 Galliae
1133 2595 1266 2681 scriptis,

111 2702 152 2767 ad
174 2722 265 2789 quas,
287 2701 425 2767 nondum
442 2701 551 2778 editas,
577 2700 610 2766 in
637 2702 733 2789 priori
753 2699 941 2775 recensione,
968 2696 1175 2767 remittebam‚
1202 2691 1268 2778 ple·

108 2800 179 2866 nior
196 2823 309 2865 eornm
326 2800 501 2887 explicatio,
523 2822 594 2887 qnae
616 2800 649 2865 in
665 2800 788 2865 Notnlis
813 2798 890 2862 meis
915 2795 989 2870 dixi,
1015 2801 1049 2858 et
1072 2792 1170 2856 multa
1195 2789 1267 2866 alia,

107 2922 179 2987 qna·
197 2899 270 2965 heio
287 2898 349 2964 dici
365 2921 428 2964 non
445 2909 514 2965 erat
531 2900 591 2964 mei
608 2899 733 2975 consilii,
751 2897 815 2985 peti
825 2897 892 2982 jam
907 2900 1046 2981 possunt.
1088 2889 1270 2957 Scribebam

110 3001 307 3084 Groninqae,
325 2998 425 3064 Nonis
439 3002 627 3076 Februarii,
644 2999 725 3063 Ann.
744 2998 790 3064 M.
801 2995 899 3060 DCC.
911 2991 1049 3056 XXXV.
