2866 4906
112 247 247 318 casn]
302 247 357 304 sn
378 245 555 302 annuens
576 245 746 311 measa
768 247 923 305 oasran
945 249 1014 304 srr.
1171 243 1212 308 79

110 415 193 482 dicta
206 414 353 502 qaedam
374 420 518 481 veterum
541 409 811 478 Christianorum:
834 413 969 501 adquae
996 412 1058 480 tria
1082 414 1213 483 dicende

176 617 197 680 2
231 611 372 678 Primum
388 618 445 688 est,
463 631 504 675 ex
519 608 557 675 iis
573 608 664 676 dictis
680 608 757 674 nihil
773 608 904 695 emplius
920 610 1023 699 colligi
1042 633 1134 698 quem
1149 614 1213 702 pri-
1290 626 1313 673 1.

109 721 215 780 vetem
231 710 429 799 quorundam
439 708 634 785 sententiam,
647 729 710 773 non
726 708 879 794 publicam
895 708 1117 778 Ecclesiemm:
1129 713 1212 780 adde

110 812 193 899 quod
209 811 309 878 ferme
325 830 457 896 quorum
475 829 515 874 ea
530 807 615 872 dicte
637 814 720 883 sunt,
736 815 843 873 ament
863 808 904 873 ab
929 808 997 875 eliis
1019 811 1147 877 seorsim
1164 812 1212 878 ire

110 920 143 976 et
158 911 270 977 dooere
289 907 440 995 quiddam
466 905 733 994 magnificentium
763 905 871 993 quales
897 915 970 973 sunt
997 909 1151 998 Origenes
1179 920 1212 978 et
1224 935 1363 1020 ppep'ces.

111 1009 330 1085 Tertnllienus,
348 1007 403 1093 qui
419 1027 478 1070 nec
494 1004 553 1070 sibi
569 1004 645 1070 setis
662 1012 814 1071 cenetam.
858 1005 940 1071 Nem
957 1006 1039 1073 idem
1058 1009 1211 1098 Origenes
1224 984 1363 1076 veli-sd·et

112 1130 187 1196 apes
216 1108 263 1174 eit
293 1128 314 1172 a
341 1106 412 1170 Deo
446 1103 664 1170 documentum
691 1103 781 1169 datas
804 1099 884 1196 πρὸς
916 1102 960 1172 ad
988 1098 1125 1180 δικαίους
1157 1108 1209 1177 sal
1223 1074 1368 1203 QZ„

113 1202 341 1299 τεταγμένους
371 1198 546 1282 πολέμους,
575 1201 695 1270 εἴποτε
721 1195 795 1284 δέοι,
821 1205 1001 1292 *γίγνεσθαι
1027 1202 1063 1272 ἐν
1087 1203 1211 1298 ἀνθρώ·
1225 1211 1359 1297 ssfm‘*

112 1323 195 1375 ποις·
241 1308 284 1372 Ut
302 1305 387 1370 betta
394 1303 492 1387 justa
507 1314 604 1386 atque
619 1304 776 1367 ordinata
788 1305 873 1368 inter
889 1305 1030 1369 Ιιουιὶηιι
1043 1319 1211 1389 gerantur,

111 1407 143 1471 ei
168 1406 301 1487 meando
322 1404 361 1468 ‘id
377 1400 490 1486 jubeat
518 1402 713 1467 necessitas:
739 1409 772 1466 et
800 1400 883 1466 idem
912 1401 965 1466 ille
993 1403 1212 1483 Tertullianus,

113 1503 170 1587 qui
199 1500 274 1567 alibi
302 1499 448 1586 supplicia
478 1498 623 1585 capitalia
655 1498 756 1563 minus
787 1499 922 1584 probare
955 1501 1088 1579 videtur,
1124 1503 1213 1580 dixit,

113 1604 262 1666 'Bonam
284 1600 365 1665 ⁵cette
391 1621 465 1665 cam
482 1600 669 1683 puniantur
691 1610 835 1663 nocentes
859 1621 949 1665 ramo
970 1614 1087 1685 negat:
1114 1603 1158 1668 Ει
1175 1602 1215 1668 de

111 1699 223 1765 militia
233 1697 377 1764 haesitet:
397 1718 470 1761 nem
484 1695 564 1761 libro
581 1696 622 1762 de
639 1695 829 1772 Idololatria,
847 1700 1023 1777 Quaritan
1041 1700 1150 1787 inquit,
1169 1725 1214 1767 an
1226 1723 1275 1772 cap.
1284 1723 1314 1763 ιο.

106 1800 218 1882 fideles
234 1799 282 1864 ad
303 1797 463 1862 militiam
485 1797 629 1862 conveni
639 1798 777 1880 possint,
796 1808 826 1861 et
841 1818 886 1860 an
908 1800 1033 1865 militia
1049 1803 1097 1865 ad
1113 1803 1214 1884 fidem

113 1898 247 1963 admoti
259 1920 271 1962 .·
295 1897 340 1962 Et
364 1894 490 1961 ridetur
512 1915 549 1958 eo
573 1892 641 1958 loco
658 1896 854 1980 propendere
878 1895 911 1961 in
928 1918 997 1962 cem
1018 1899 1212 1977 sententiam,

113 2017 185 2082 qna
210 1994 327 2062 militiae
353 1994 548 2060 adversatur.
596 1992 641 2058 At
667 1992 748 2058 libro
772 1994 813 2059 de
842 1995 969 2061 Corona
990 1999 1125 2074 Milites,
1144 2021 1213 2064 enm

112 2094 256 2180 quaedem
281 2094 432 2159 adversus
458 2090 599 2156 militiam
629 2090 827 2177 disputasset,
855 2115 928 2158 mox
961 2095 1132 2183 distinguit,
1161 2096 1215 2183 qui

113 2203 187 2259 ente
203 2190 393 2279 baptismum
409 2189 594 2266 militabant,
621 2190 724 2267 abiis,
742 2191 797 2279 qui
814 2201 885 2278 post
902 2191 1087 2278 baptismum
1102 2216 1215 2260 nomen

113 2291 190 2358 dant
205 2290 334 2356 milities.
386 2291 503 2365 Plane,
529 2288 639 2374 inquit,
657 2292 688 2355 ei
705 2313 783 2376 quos
799 2292 925 2354 militia
935 2306 1118 2377 praeventos
1131 2296 1215 2377 fides
1227 2307 1316 2357 canu·

109 2392 271 2476 poetes-ior
286 2391 419 2464 invenit,
443 2389 517 2452 alia
535 2390 677 2453 emsditio
694 2401 749 2463 est,
767 2390 961 2464 catillarum,
979 2412 1057 2475 qnos
1072 2394 1215 2457 Joannee
1257 2378 1260 2385 ’

114 2490 309 2554 admittebat
334 2489 381 2553 ad
413 2488 606 2562 lavacrum;
629 2499 667 2551 nt
696 2489 917 2552 centurionum
938 2491 1214 2571 fidelissimorum,

114 2609 202 2671 aean
233 2589 382 2655 Christos
402 2586 535 2672 probat,
564 2597 595 2650 et
622 2607 714 2671 quem
742 2588 865 2651 Petras
889 2589 1096 2654 catechizat:
1121 2584 1216 2654 ‘aum

114 2776 166 2823 esp.
176 2761 226 2809 xix.
237 2763 262 2807 οι
272 2759 307 2806 ite
316 2758 406 2820 legitur
421 2757 487 2817 (nem
502 2757 596 2803 Auctor
611 2771 641 2803 ex
689 2758 755 2804 trina
772 2757 867 2803 Morals'
882 2759 993 2816 Patruus,
1009 2759 1070 2820 Cep.
1085 2760 1117 2808 vi.
1134 2759 1149 2820 ξ
1165 2759 1180 2808 6
1194 2764 1216 2808 es

114 2836 229 2883 memoris
245 2835 315 2881 illum
328 2832 453 2879 edfmebet
463 2831 479 2890 ι)
494 2831 587 2878 Bonane
601 2836 642 2888 est,
688 2846 752 2892 ecqq.
763 2834 799 2888 25,
810 2837 856 2879 etc.
886 2832 914 2879 J.
924 2832 968 2893 B.]

114 2926 185 2970 qsass
202 2910 337 2976 ρυιιίιιπιιιν
360 2912 473 2955 mentes.
507 2906 567 2966 Quis
592 2907 643 2964 toa,
735 2907 822 2952 *Dura
832 2911 909 2952 tamen
917 2909 1080 2967 naceptastdc
1089 2910 1217 2970 atqueae-

115 2988 162 3033 πίοι·
191 3000 283 3046 moene,
310 2983 424 3045 mabit?
459 2983 499 3030 Sic
523 2983 643 3030 sententie
689 2980 759 3042 nata]
776 2981 968 3040 Distinctionem,
983 2997 1054 3042 quam
1069 2984 1108 3030 hic
1124 2985 1154 3029 de
1171 2985 1217 3028 ml-

115 3062 244 3121 ιυεργιίου
261 3061 376 3120 majorem
399 3061 480 3107 habet.
522 3060 642 3106 Caeterum
690 3056 742 3103 litia
761 3056 839 3113 effert,
857 3057 915 3103 alibi
937 3058 968 3103 ed
987 3060 1083 3118 nuptias
1103 3059 1217 3119 applicat,

116 3135 169 3182 side
185 3150 239 3195 qua
257 3136 287 3183 de
302 3136 339 3181 his
352 3133 420 3192 locis,
434 3138 460 3180 et
474 3134 534 3189 aliis,
546 3133 644 3180 Tertul-
690 3137 743 3178 tum
753 3131 814 3176 libro
824 3131 853 3175 de
862 3131 1026 3191 Momqamia,
1041 3137 1092 3178 tum
1104 3134 1216 3179 exhorta·

116 3210 180 3268 lieni,
189 3211 293 3257 diximus
302 3210 327 3256 ln
337 3209 411 3256 Libro
422 3208 517 3255 Gallico
527 3208 566 3254 De
576 3207 643 3254 Doc·
689 3207 756 3253 tione
766 3207 890 3253 cmhtstis.

116 3455 189 3510 from
208 3455 259 3511 the
280 3472 380 3526 neeges
400 3454 490 3511 which
512 3455 580 3528 thoy
593 3455 649 3511 hed
664 3453 843 3510 established.
876 3453 948 3506 Now
962 3450 1042 3505 those
1054 3448 1116 3504 who
1131 3465 1218 3520 argue

117 3542 225 3611 against
237 3557 296 3595 wer
316 3557 365 3596 ere
383 3543 561 3596 acenetomed
582 3547 613 3596 to
630 3541 738 3595 edduoe
753 3555 831 3594 some
853 3538 963 3608 seyinge
982 3537 1015 3591 ol
1035 3536 1084 3591 the
1105 3536 1218 3591 ancient

116 3625 288 3691 Christian„
306 3642 344 3680 on
354 3625 444 3682 which
457 3627 472 3682 1
485 3626 557 3680 here
569 3625 650 3681 three
662 3626 787 3682 remarks
802 3630 833 3680 to
848 3624 938 3678 melre.
1106 3623 1109 3631 “

170 3717 188 3766 2
211 3709 256 3779 (1)
277 3711 418 3767 'l’he'hret
432 3711 530 3766 iethet
544 3713 618 3766 from
633 3710 712 3766 these
731 3727 871 3783 passages,
885 3707 1004 3779 nothing
1017 3723 1097 3762 more
1112 3724 1164 3762 can
1181 3707 1218 3762 ba

117 3796 255 3852 collected
264 3797 335 3852 then
346 3797 396 3852 the
407 3797 516 3869 private
528 3798 643 3869 opinion
654 3798 687 3852 of
699 3798 806 3851 certain
817 3793 993 3858 individuale,
1003 3793 1112 3848 nottho
1124 3794 1218 3864 publio

114 3883 264 3954 indgment
274 3883 309 3937 of
316 3882 366 3938 tho
381 3883 508 3938 Ohnrch:
525 3883 581 3937 edd
591 3888 620 3938 to
635 3882 734 3947 which,
743 3881 806 3937 that
817 3881 867 3935 the
878 3896 993 3952 persons
1004 3879 1096 3933 whose
1108 3880 1219 3951 sayinge

117 3984 164 4023 ere
178 3968 285 4040 quoted
304 3984 354 4024 ere
370 3969 472 4041 mostly
488 3970 595 4024 writers
611 3968 673 4023 who
686 3967 744 4022 like
758 3973 789 4022 to
803 3983 839 4038 go
858 3967 888 4019 in
902 3982 920 4020 s
933 3964 1003 4037 path
1018 3965 1051 4019 of
1061 3964 1136 4019 their
1150 3980 1219 4026 own,

117 4053 172 4108 end
185 4060 217 4108 to
228 4053 314 4109 teech
333 4055 363 4107 in
378 4070 396 4108 s
409 4071 477 4126 very
491 4054 559 4127 high
570 4054 674 4119 strain3
692 4053 761 4108 such
781 4069 830 4108 ere
850 4053 954 4123 Origen
974 4049 1031 4104 and
1052 4050 1218 4104 Tertullien.

117 4139 173 4193 But
187 4156 259 4195 even
274 4139 357 4194 these
371 4141 479 4194 writers
496 4156 544 4194 ere
562 4146 612 4194 not
632 4140 784 4194 consistent
801 4138 868 4192 with
883 4137 1061 4191 themselves.
1099 4136 1157 4188 For
1170 4134 1220 4188 the

116 4239 191 4281 seme
206 4226 314 4297 Origen
324 4241 387 4296 says
402 4223 466 4279 thet
476 4224 542 4279 bees
556 4242 605 4280 ere
620 4241 656 4278 en
671 4225 798 4295 example
812 4223 965 4294 appointed
979 4221 1017 4293 by
1029 4220 1092 4275 God
1104 4227 1132 4274 to
1146 4218 1220 4271 show

116 4308 177 4366 thet
188 4312 250 4382 just
266 4326 339 4365 wera
355 4326 419 4382 mey
432 4309 469 4365 be
481 4310 589 4365 carried
603 4326 640 4365 on
654 4309 681 4362 it
689 4311 712 4363 it
723 4309 759 4363 be
774 4325 936 4380 necessary:
957 4308 1094 4362 thesemo
1108 4301 1220 4358 Tertul-

115 4394 172 4452 lisn
188 4397 254 4454 nhc
273 4397 306 4452 in
324 4395 409 4452 other
423 4395 517 4467 places
534 4412 624 4451 seems
643 4400 674 4452 to
690 4395 857 4467 disapprore
872 4390 905 4449 oi
916 4393 1019 4465 capital
1033 4387 1222 4463 punishment
