2866 4906
516 579 914 675 LUDOVICO
959 584 1085 675 XIII

324 851 633 903 cumsfflmssrsro
658 854 875 905 FRANOORUM
900 857 945 905 ΕΤ
970 858 1151 908 NAVARRAE
1176 859 1263 909 REGI

550 1072 717 1159 HUGO
771 1072 1042 1161 GROTIUS.

277 1600 417 1668 UDET
450 1603 507 1670 hic
539 1603 637 1680 liber,
669 1605 807 1690 Regum
836 1603 1118 1682 eminentissime,
1154 1605 1269 1671 Tuum
1301 1606 1369 1672 sibi

302 1723 491 1804 augustum
517 1742 646 1786 nomen
673 1719 872 1796 inscribere,
899 1741 968 1785 non
1002 1720 1065 1797 sui,
1097 1741 1167 1786 non
1192 1722 1368 1800 Auctoris,

75 1830 79 1837 '
215 1831 280 1898 sed
304 1834 502 1919 argumenti
530 1834 667 1913 fiducia,
693 1855 757 1919 pro
781 1837 925 1901 Justitia
943 1834 1072 1921 quippe
1094 1835 1262 1922 scriptus:
1290 1859 1368 1920 quae

215 1947 324 2014 virtus
341 1948 431 2015 adeo
448 1949 527 2015 Tua
543 1954 607 2026 est,
623 1954 664 2014 ut
679 1948 763 2015 inde
781 1951 850 2016 tuis
866 1951 1000 2018 meritis
1017 1957 1054 2017 et
1070 1951 1212 2017 humani
1227 1953 1368 2038 generis

214 2065 380 2151 suffragio
397 2065 635 2150 dignissimum
658 2069 759 2130 tanto
776 2065 876 2151 Rege
894 2073 1164 2151 cognomentum
1179 2069 1367 2155 acceperis,

214 2187 254 2246 ut
272 2182 348 2265 jam
372 2180 501 2265 ubique
523 2181 547 2245 J
550 2201 622 2244 usrr
643 2179 876 2266 appellatione
899 2202 969 2246 non
988 2181 1102 2247 minus
1123 2205 1227 2267 qnam
1251 2185 1367 2252 Luno-

214 2318 281 2362 νισι
306 2297 471 2366 noscaris.
524 2296 680 2382 speciosi
704 2294 870 2360 Romanis
898 2294 1056 2362 Ducibus
1084 2298 1292 2366 videbantur
1321 2323 1368 2368 ex

217 2412 331 2490 Creta,
363 2411 541 2489 Numidia,
569 2411 701 2488 Africa,
728 2410 825 2486 Asia,
857 2409 1001 2493 aliisque
1028 2410 1174 2477 devictis
1202 2414 1367 2498 gentibus

215 2528 319 2594 tituli.
363 2526 422 2594 ¹At
445 2532 575 2612 quanto
600 2528 716 2593 Tuum
735 2526 910 2602 illustrius,
929 2548 999 2609 quo
1018 2526 1221 2611 significaris
1240 2528 1367 2598 nullius

214 2645 343 2731 populi,
370 2644 496 2712 nullius
524 2643 684 2721 hominis,
712 2643 776 2711 sed
803 2644 887 2728 ejus,
916 2643 1011 2727 quod
1039 2643 1203 2730 injustum
1230 2651 1294 2724 est,
1328 2653 1367 2715 et

214 2760 323 2828 hostis
340 2760 479 2844 ubique,
497 2765 535 2827 et
548 2760 661 2827 victor
677 2760 842 2845 semper?
872 2759 1041 2844 Magnum
1054 2765 1222 2846 putarunt
1236 2763 1366 2849 AEgyp-

215 2876 255 2942 tii
284 2897 398 2962 reges,
427 2876 457 2943 si
482 2875 592 2962 patris
621 2875 688 2953 hic,
708 2875 831 2941 matris
856 2874 923 2953 ille,
951 2873 1100 2940 fratrum
1129 2898 1248 2944 amans
1277 2878 1365 2946 alius

213 2995 423 3062 dicerentur.
470 2993 522 3058 At
553 2989 728 3076 quantulae
757 2990 809 3057 hae
838 2996 956 3076 partes
987 2996 1070 3056 sunt
1104 2990 1172 3055 Tui
1205 2993 1364 3072 nominis,

214 3111 308 3194 quod
324 3133 394 3177 non
408 3109 477 3177 ista
492 3114 640 3189 tantum,
658 3107 721 3174 sed
745 3107 908 3191 quicquid
927 3106 1107 3193 pulchrum
1125 3112 1162 3173 et
1178 3108 1365 3176 honestum

213 3227 407 3314 excogitari
420 3230 547 3312 potest,
559 3224 694 3290 ambitu
710 3246 773 3291 suo
790 3223 1053 3310 complectiturz
1078 3224 1103 3289 J
1104 3245 1205 3288 usrus
1222 3247 1269 3302 es,
1284 3247 1364 3293 cum

214 3342 334 3429 Magni
355 3364 460 3428 supra
481 3362 585 3408 omne
610 3340 648 3406 id
672 3339 766 3424 quod
792 3340 864 3406 dici
888 3344 1005 3425 potest
1025 3339 1133 3425 Regis
1155 3339 1272 3407 Patris
1295 3343 1364 3409 Tui

214 3458 416 3527 memoriam
444 3457 594 3524 honoras
626 3456 740 3542 ipsum
771 3455 962 3521 imitando:
995 3455 1020 3520 J
1023 3474 1133 3532 usrus,
1167 3477 1248 3522 cum
1279 3458 1363 3525 Fra-

212 3581 302 3644 trem
324 3573 440 3642 modis
464 3573 634 3651 omnibus,
660 3572 724 3640 sed
749 3571 843 3638 nulla
868 3593 908 3639 re
933 3572 1044 3657 magis
1070 3594 1173 3656 quam
1200 3574 1362 3661 exemplo

212 3695 273 3759 tuo
306 3689 468 3758 instruis:
501 3691 526 3756 J
528 3710 637 3766 umus,
672 3710 752 3755 eum
785 3689 929 3756 Sorores
961 3686 1102 3754 summis
1133 3689 1362 3758 matrimoniis

211 3828 333 3873 ornas:
358 3806 383 3873 J
385 3826 495 3882 usrus,
513 3827 593 3872 cum
610 3803 763 3890 sepultas
779 3825 887 3890 prope
905 3804 1001 3889 leges
1018 3824 1171 3881 revocas,
1190 3810 1237 3882 et,
1256 3829 1362 3891 quan-

210 3927 285 3988 tum
301 3928 415 4009 potes,
431 3920 548 3987 ruenti
570 3920 606 3985 in
630 3918 729 4005 pejus
751 3920 870 3986 seculo
893 3923 1005 3987 temet
1028 3919 1194 4005 opponis:
1221 3923 1246 3988 J
1249 3943 1360 4003 uaros,

66 4082 72 4115 r
209 4038 273 4106 sed
289 4036 393 4105 simul
415 4035 577 4113 clemens,
595 4057 675 4101 cum
698 4034 856 4113 subditis,
874 4057 960 4119 quos
982 4049 1054 4101 tuae
1076 4036 1244 4104 bonitatis
1260 4039 1360 4125 igno·

206 4154 323 4222 rantia
338 4154 385 4221 ab
401 4152 507 4220 officii
525 4151 636 4218 limite
658 4156 871 4219 transversos
895 4156 1027 4237 egerat,
1045 4157 1173 4237 praeter
1189 4155 1359 4238 peccandi

207 4270 388 4340 licentiam
413 4268 499 4336 nihil
522 4268 657 4347 adimis,
678 4290 744 4337 nec
764 4269 833 4336 vim
851 4268 968 4336 adfers
990 4267 1113 4336 animis
1130 4267 1223 4335 circa
1243 4269 1359 4338 divina

1211 4395 1256 4459 bs
