2866 4906
184 176 279 241 xxxiv
603 185 630 242 J.
654 185 915 242 BARBEYnscn

189 351 335 440 subjectis
351 354 384 418 J.
402 353 443 418 B.
495 349 556 418 Vel
574 351 733 418 Gratianis
749 362 805 420 aut
822 352 1029 420 Gronorienis
1050 354 1286 441 permiscentur,
1309 365 1343 426 et

189 461 263 520 tunc
279 451 462 539 plerumque
479 450 539 516 illis
554 451 768 538 subjiciuntur,
792 452 912 518 duobus
929 453 1015 518 uncis
1032 453 1140 520 sermre
1162 457 1342 543 posterioris

187 550 322 628 inclusae,
341 560 374 618 et
388 550 519 616 nominis
536 550 634 617 nostri
650 551 757 638 primis
771 551 885 617 litteris
901 552 933 616 in
950 553 1011 618 fine
1025 552 1157 622 additis:
1174 555 1341 643 aliquando

186 658 292 717 eutem
312 650 366 716 ubi
386 650 531 715 nimirum
554 672 606 717 res
628 650 759 728 serebat,
782 660 814 717 ct
837 651 898 716 illoe
919 652 1110 717 brevissimae
1135 663 1234 734 erent,
1257 655 1342 722 intra

186 749 285 838 ipsam
311 750 427 816 Nolam
450 749 595 816 Auctoris
617 759 674 817 aut
700 750 899 838 Interpretis‚
930 750 1040 817 eodem
1069 752 1211 839 adposito
1239 754 1339 843 signo,

186 848 393 927 collocentur;
412 848 470 914 nisi
485 849 567 935 qued
581 848 649 916 heic
661 849 746 915 haud
761 870 833 915 rare
847 872 957 915 nomeu
972 859 1112 916 nostrum
1125 873 1188 917 nen
1198 851 1340 939 adparet,

189 948 255 1015 sive
272 949 356 1036 quod
372 971 424 1014 res
440 948 521 1015 tenti
543 970 606 1014 non
627 956 705 1026 eret,
729 971 784 1014 seu
807 950 890 1035 quod
916 949 1061 1015 omissum
1083 950 1179 1018 suerit
1198 974 1218 1017 a
1235 953 1343 1040 Typo-

190 1048 329 1138 graphia,
344 1047 397 1135 qui
415 1048 508 1114 etiem
525 1070 629 1125 uncos,
647 1047 698 1114 rel
714 1048 909 1124 alterutrum,
931 1047 1004 1114 alibi
1019 1070 1251 1136 nonnumquam
1268 1049 1344 1116 omi·

188 1156 307 1224 serunt,
325 1147 379 1213 ubi
396 1157 500 1213 tamen
516 1147 606 1213 l'aeile
620 1148 679 1212 hoc
695 1169 716 1212 a
733 1147 863 1213 Lentone
878 1147 994 1234 poterit
1008 1147 1225 1215 animadverti.

267 1248 325 1314 Est
341 1255 375 1313 et
389 1246 483 1324 aliud,
507 1268 569 1334 quo
589 1247 670 1313 hanc
686 1254 826 1312 nostram
847 1246 1025 1314 Editionem
1045 1268 1169 1323 ornare,
1193 1257 1226 1315 et
1248 1248 1343 1316 l'aeili·

190 1367 277 1413 orem
302 1368 339 1413 ec
362 1346 518 1413 utiliorem
541 1346 675 1413 reddere
699 1345 861 1411 lectionem
887 1346 1009 1434 Operis,
1035 1354 1072 1412 ut
1096 1368 1211 1435 magua
1237 1371 1344 1415 rerum

191 1446 344 1513 varietate
367 1453 400 1511 et
425 1445 513 1531 eopia
536 1444 655 1520 referti,
681 1444 727 1510 ita
752 1444 836 1532 stylo
858 1444 1037 1511 brevissimo
1052 1446 1225 1532 conscripti,
1247 1448 1344 1533 pluri-

190 1567 276 1610 mum
293 1543 468 1620 voluissem,
490 1543 600 1609 lubens
622 1542 715 1609 etiam
739 1543 821 1608 hunc
843 1542 876 1607 iu
897 1565 946 1608 me
964 1543 1102 1609 laborem
1124 1554 1343 1630 suscepturus:

189 1652 226 1711 ut
252 1643 367 1709 scilieet
392 1663 546 1718 numeros,
573 1641 606 1707 in
633 1663 710 1729 quos
736 1641 849 1729 singuli
878 1641 1070 1730 paragraphi
1095 1642 1232 1708 distincti
1259 1654 1341 1722 sunt,

189 1743 274 1809 haud
291 1763 364 1808 raro
382 1750 545 1808 mutarem.
593 1740 768 1807 Subdivisie
791 1740 845 1806 illa
866 1750 997 1807 nonest
1023 1764 1044 1807 a
1064 1763 1158 1807 manu
1179 1743 1341 1821 Auctoris,

189 1863 291 1930 neque
312 1841 482 1928 primarum
505 1850 577 1927 post
600 1848 733 1906 mortem
759 1839 825 1927 ejus
845 1839 1035 1918 Editiouum,
1058 1848 1091 1906 et
1112 1840 1214 1906 neseio
1238 1865 1258 1908 a
1280 1864 1342 1930 quo

189 1941 273 2008 facta
292 1939 395 2006 fuerit.
448 1940 522 2016 Sed,
547 1939 684 2027 quisquis
707 1939 759 2005 ille
774 1939 825 2015 sit,
847 1939 1044 2028 negligenter
1066 1940 1233 2007 admodum
1253 1941 1287 2007 in
1303 1964 1341 2007 eo

189 2039 363 2130 negotiose
380 2039 484 2127 gessit,
509 2047 542 2104 et
557 2047 612 2105 eut
627 2060 738 2125 parum
754 2038 906 2104 intellexit
925 2038 1036 2105 seriem
1053 2061 1089 2104 ac
1106 2039 1271 2106 discrimen
1292 2063 1343 2106 re·

189 2162 260 2206 rum
281 2147 313 2205 et
335 2147 599 2227 argumentorum,
623 2146 679 2204 aut
702 2139 744 2204 ad
769 2160 808 2203 ea
830 2159 941 2224 parum
963 2137 1114 2204 adtendit.
1167 2139 1343 2226 Saepissime

192 2261 234 2306 ea·
247 2237 395 2327 distingui
416 2237 554 2304 numeris
575 2237 696 2314 videas,
719 2258 790 2324 que
806 2236 969 2302 manifesto
986 2236 1133 2326 conjungi
1149 2238 1283 2315 debent3
1310 2247 1344 2304 et

191 2337 323 2404 vicissim
346 2338 378 2402 in
403 2359 497 2404 unum
520 2358 682 2402 numerum
706 2336 854 2423 conjecta,
881 2357 952 2422 quae
974 2335 1194 2425 distinguenda
1219 2338 1343 2404 omnino

191 2445 291 2503 erant.
343 2436 416 2501 Hoc
445 2442 531 2501 certe
558 2458 622 2501 non
650 2444 754 2522 potest
780 2456 843 2499 non
872 2434 989 2500 morari
1018 2437 1181 2502 Lectorem
1206 2437 1344 2502 nondum

190 2535 339 2603 brevitati
364 2535 506 2601 Auctoris
526 2533 625 2600 nostri
647 2534 830 2600 adsuetum:
856 2533 905 2598 cui
927 2555 967 2598 ex
983 2534 1049 2598 sola
1069 2534 1195 2598 rectiori
1219 2535 1345 2600 distine-

192 2635 276 2702 tione
297 2634 488 2720 singulorum
510 2633 647 2717 capitum
668 2633 775 2698 statim
797 2631 852 2696 lux
875 2639 945 2696 orta
967 2629 1084 2696 fuisset.
1137 2631 1202 2697 Sed
1227 2640 1343 2710 tamen,

192 2755 288 2820 quum
300 2732 367 2818 jam
383 2730 551 2796 subdivisio
568 2731 633 2812 ille,
650 2739 739 2796 utut
755 2751 919 2817 perperam
936 2728 1126 2807 concinnata,
1144 2752 1203 2795 usu
1218 2741 1345 2819 recepta

192 2831 282 2919 quasi
306 2829 413 2908 fuerit,
440 2838 473 2896 et
494 2851 562 2895 eam
585 2850 692 2894 omnes
712 2828 746 2893 iu
762 2827 918 2894 laudande
940 2829 1082 2894 Auctore
1103 2838 1210 2896 nostro
1221 2832 1339 2918 passim

192 2936 382 3018 sequautur:
408 2926 544 2994 dandum
560 2927 593 2993 id
610 2927 689 2992 mori
705 2926 824 3015 putavi,
841 2936 878 2994 et
893 2948 933 2992 ne
949 2926 1034 2993 illam
1050 2926 1256 2996 immutarem.
1302 2930 1347 2996 At

193 3051 270 3097 vero
286 3029 319 3093 in
331 3026 483 3094 Versione
499 3048 569 3093 mea
582 3026 710 3104 Gallice,
728 3026 782 3092 ubi
798 3027 867 3113 plus
879 3026 969 3113 juris,
987 3028 1046 3092 hac
1062 3026 1095 3091 iu
1111 3036 1202 3115 parte
1219 3036 1252 3093 et
1268 3028 1345 3105 eliis,

193 3127 269 3194 mihi
284 3149 406 3192 sumere
428 3125 524 3212 potui,
547 3126 669 3214 singula
689 3147 830 3213 quaque,
853 3134 947 3213 prout
968 3148 1020 3191 res
1039 3125 1108 3212 ipsa
1129 3135 1162 3192 et
1179 3128 1346 3194 Lectorum

194 3226 354 3294 commoda
371 3225 447 3290 mihi
464 3225 621 3312 postulare
637 3225 703 3290 visa
720 3234 801 3302 sunt,
818 3225 934 3311 ubique
950 3227 1187 3312 separabuntur.

271 3325 325 3390 Nil
340 3324 426 3391 aliud
443 3334 499 3403 est,
524 3325 608 3410 quod
623 3324 656 3388 iu
672 3323 776 3389 limine
798 3324 868 3389 heic
885 3324 931 3388 Te
954 3346 1104 3401 moneam,
1130 3326 1268 3390 Laeron
1283 3326 1348 3390 Be-

196 3446 339 3501 ιιιιιοιιι,
363 3424 422 3490 nisi
439 3432 564 3491 utente
581 3424 683 3489 omnia
704 3423 869 3512 perlegere
891 3422 978 3501 velis,
1002 3433 1035 3489 et
1051 3423 1114 3490 suis
1131 3424 1205 3489 locis
1225 3432 1346 3511 aptare,

195 3525 411 3590 Eueueuuns
429 3531 462 3588 et
478 3523 654 3599 Annaeus,
672 3545 743 3609 quae
759 3522 885 3609 subjeci.
936 3523 1048 3608 Neque
1064 3522 1133 3588 ideo
1150 3532 1251 3608 putes,
1268 3543 1347 3608 neg-

194 3624 329 3713 ligenter
352 3630 492 3687 curatam
515 3643 582 3686 esse
607 3622 688 3686 hanc
713 3622 900 3698 Editionem‚
923 3643 980 3686 nec
1002 3621 1097 3685 talem
1120 3641 1196 3695 esse,
1223 3619 1347 3704 qualem

195 3722 304 3789 titulus
321 3720 494 3808 profitetur.
546 3720 610 3786 Vix
626 3718 694 3785 lieri
711 3729 823 3806 potest,
846 3729 893 3796 ut,
917 3719 949 3783 in
967 3719 1072 3803 Opere
1087 3717 1261 3803 presertim
1282 3726 1347 3782 tam

194 3821 298 3909 longo,
325 3841 493 3906 numquam
520 3818 700 3885 remittetur
724 3819 887 3908 diligentia
906 3825 960 3883 aut
984 3816 1133 3892 Editoris‚
1161 3825 1216 3882 aut
1240 3815 1348 3904 Typo-

196 3920 398 4009 graphorum,
430 3925 486 3982 aut
511 3939 617 3982 eorum
645 3918 698 4002 qui
728 3917 941 4005 speciminibus
967 3914 1169 3981 emendandis
1198 3923 1346 4002 praesunt.

198 4019 410 4103 Quodcunque
427 4024 586 4104 peecatum
602 4016 714 4081 tantilli
730 4016 877 4082 momenti
893 4013 969 4080 mihi
986 4014 1084 4080 risum
1102 4023 1159 4090 est,
1181 4015 1256 4080 dum
1274 4013 1349 4079 folia

194 4116 375 4185 transmissa
397 4116 561 4204 perlustro,
585 4114 619 4179 in
640 4115 832 4180 commodum
849 4122 937 4179 tuum
953 4121 1063 4178 notme
1079 4135 1141 4177 nou
1158 4113 1281 4201 piguit:
1305 4120 1347 4189 et,

196 4216 223 4284 si
239 4238 310 4304 quoe
333 4214 488 4302 supersint
505 4222 620 4291 errata,
643 4235 664 4279 a
686 4236 735 4278 me
758 4236 820 4279 non
843 4212 1069 4290 animadversa,
1093 4232 1132 4276 ea
1153 4211 1242 4276 facile
1262 4232 1282 4275 a
1302 4211 1349 4274 Te

198 4317 426 4404 deprehensum
448 4313 488 4380 iri
511 4312 640 4382 confide.
695 4315 774 4391 Quae
791 4312 1026 4399 qualiacumque
1048 4310 1120 4392 sint,
1142 4311 1202 4375 hoc
1224 4330 1350 4398 possum
