2866 4906
1067 38 1186 165 NR

87 231 207 288 ,om
222 229 261 300 1.]
356 232 409 287 nn
431 233 678 290 nunnusmun
702 236 767 292 su1
787 238 838 292 nu
858 239 1005 295 usuum.
1172 168 1319 296 tffi³

129 402 255 485 faeere,
281 401 320 464 id
343 420 402 464 nos
420 400 552 484 priores
574 402 692 484 faeere
721 403 977 486 occupabimur?
1026 401 1161 492 Insignis
1186 414 1234 470 est

136 497 191 564 ills
206 497 292 582 opud
311 496 444 563 Gellium
462 497 636 563 sententis:
667 500 863 565 Gladiatosi
889 505 1061 587 composito
1084 506 1130 567 ad
1147 527 1231 590 puy·
1246 529 1300 572 nm

135 599 282 663 nundum
300 619 418 682 popum
434 599 502 662 hmo
521 599 693 684 proposita
714 612 852 675 rorstet,
877 612 937 666 aot
953 605 1107 679 oooidore‚
1132 607 1163 668 si
1180 626 1231 669 oo-

137 699 316 783 depaverit,
341 708 400 762 out
422 698 611 773 occumbere,
637 699 668 763 si
692 701 874 766 cessaverit.
924 703 1099 766 Hominum
1123 716 1231 768 autem

136 799 210 861 vito
234 818 299 862 non
324 808 394 861 tom
417 798 551 882 iniquis,
581 819 679 882 oeque
705 809 774 862 tom
798 801 966 864 indomitis
990 804 1232 868 necessitutibus

138 897 390 978 circumscripto
406 908 461 972 ost,
487 908 524 960 ot
544 897 668 962 ideireo
681 898 778 979 prior
794 898 954 981 injurium
964 902 1081 984 faeere
1098 903 1213 968 debeas
1218 927 1230 977 ;

136 1018 238 1081 quam
251 997 460 1080 oisifhoeris,
472 997 551 1080 pati
568 998 685 1080 possis.
729 996 772 1060 Et
788 996 871 1082 apud
891 998 1069 1063 Ciceronem
1086 999 1147 1064 elio
1164 1000 1230 1065 loeo

137 1115 200 1158 non
215 1092 316 1159 miuus
331 1102 434 1158 reete:
466 1096 549 1174 Quis
571 1097 629 1160 hoo
645 1098 762 1160 statuit
777 1119 930 1182 unquam,
957 1110 1015 1162 out
1033 1101 1087 1163 eoi
1102 1103 1232 1165 concedi
1243 1116 1281 1160 en
1292 1123 1361 1169 ouum

137 1196 208 1259 sine
228 1215 351 1260 summo
373 1195 516 1259 omnium
533 1196 681 1280 per-ioum
697 1207 812 1280 potest,
840 1208 878 1260 ut
899 1219 971 1262 eom
990 1199 1067 1280 juro
1087 1202 1231 1284 potuerit
1245 1171 1373 1255 ifm'v'

137 1294 291 1369 occidere,
315 1317 337 1358 α
354 1315 417 1380 quo
433 1296 581 1359 induisse
598 1316 630 1359 se
645 1296 747 1374 dieat,
773 1318 812 1360 oo
831 1298 901 1379 ipso
922 1299 1089 1382 posterius
1112 1299 1233 1363 ooeido·

139 1391 255 1457 retur?
301 1392 416 1457 Loemn
434 1391 485 1456 hie
502 1391 598 1458 habet
614 1392 690 1457 illud
708 1392 885 1480 Euripidis:

354 1509 387 1564 Ei
399 1510 450 1581 γάρ
466 1508 492 1563 α’
507 1509 617 1578 ἔμελλεν
630 1508 665 1566 uis
679 1510 713 1564 σὺ
727 1512 780 1580 φῇς
794 1512 900 1566 κτείνειν
913 1516 1001 1578 πόσις,

262 1638 265 1643 .
353 1593 407 1666 Χρὴ
422 1595 465 1649 καί
478 1617 512 1649 σε
525 1593 639 1665 μέλλειν,
652 1595 685 1653 oie
698 1600 791 1669 χρόνος
806 1598 883 1665 δῆθεν
895 1603 987 1671 παρῆν.

355 1697 396 1753 Te
409 1699 441 1764 si,
456 1705 489 1753 ut
502 1699 551 1764 oia,
567 1700 723 1755 interficere
737 1702 780 1755 vir
793 1702 882 1757 voluit
895 1706 985 1768 ⁶tnus,

355 1784 484 1840 Voluisse
498 1792 543 1840 sut
557 1793 618 1839 eret
632 1792 662 1840 et
676 1786 736 1850 tibi,
748 1787 795 1842 ubi
811 1795 921 1861 tempus
936 1790 1018 1846 soret.

139 1893 199 1960 Cui
223 1891 379 1982 geminum
402 1897 452 1958 eti
468 1891 705 1982 Thucydideum
724 1893 820 1961 illud:
846 1893 888 1963 τὸ
909 1894 1036 1973 μέλλον
1052 1894 1088 1968 ἐν
1112 1894 1357 1993 αφανεῖιιαιια

138 1989 194 2060 ἔτι
216 1995 332 2068 κεῖται,
355 1990 406 2059 καὶ
424 1988 477 2060 οὑκ
497 1985 588 2081 ἄξιον
608 1987 813 2084 ἐπαρθέντας
830 1995 922 2083 adripi
937 1996 1086 2090 φανερὰν
1109 1992 1237 2090 ἔχθραν

135 2085 198 2174 ἤδη
214 2092 266 2160 καὶ
282 2088 321 2159 οὗ
333 2086 521 2171 μέλλουσαν
536 2088 734 2173 κτήσασθαι·
760 2096 925 2158 Futurum
942 2099 978 2159 in
995 2099 1115 2161 incerto
1129 2101 1238 2162 edituo

135 2205 205 2258 est:
227 2213 285 2257 ooo
301 2213 493 2277 quemquam
509 2203 631 2277 oportet
656 2214 691 2257 oo
712 2205 900 2257 commotum
918 2196 1114 2260 inimicitias
1138 2200 1238 2261 mosei-

130 2313 220 2377 pers,
238 2313 302 2355 ooo
310 2291 386 2374 jam
393 2293 535 2376 ficturos
551 2293 608 2357 sed
623 2303 736 2358 tortos.
774 2291 861 2356 Idem
879 2291 1152 2378 Thucydidesque
1169 2295 1236 2358 loeo
1250 2322 1373 2363 meones.

130 2389 220 2455 mela
240 2388 425 2455 seditionum
447 2411 517 2475 quae
533 2391 660 2456 Graeeas
676 2389 817 2455 eivitetes
840 2389 1030 2456 incesserent
1047 2392 1162 2457 diserte
1183 2416 1236 2457 ex-

131 2486 242 2575 plicat,
261 2487 348 2575 ponit
365 2497 398 2553 et
413 2489 472 2553 hoc
488 2488 521 2552 in
538 2487 633 2554 vitio:
659 2485 678 2555 ὁ
700 2483 833 2582 φθάσας
859 2486 919 2556 τόν
944 2484 1117 2565 μέλλοντα
1140 2491 1237 2559 κακόν

136 2617 171 2656 τι
189 2579 270 2680 ipsiu
285 2582 449 2685 ἐπῃνεῖτο·
476 2588 678 2653 laudabatur
695 2591 753 2675 qui
768 2591 892 2652 malum
898 2591 1041 2674 fotinus
1057 2593 1142 2676 qnod
1157 2595 1236 2677 fao-

132 2700 231 2753 torus
247 2699 320 2752 eret
338 2687 423 2752 alter
439 2687 509 2772 ipse
530 2700 723 2773 oocupasset.
766 2688 892 2754 Livius:
920 2692 1100 2757 mooooodo
1117 2714 1156 2756 oo
1175 2715 1237 2758 mo-
1249 2715 1293 2755 mo
1304 2715 1372 2757 mss

131 2864 227 2911 eadem
253 2860 662 2920 SeddIosredebnitmeustloqui-
712 2861 791 2908 Locus
812 2867 849 2909 ast
875 2864 988 2924 egregius
1013 2866 1077 2924 opud
1098 2866 1237 2925 Appianum

131 2946 175 2986 tur
187 2939 251 2985 euim
265 2937 365 2997 Merops
380 2937 410 2982 de
425 2936 477 2982 viro
494 2951 546 2993 suo,
561 2951 576 2981 a
586 2936 662 2996 Poly·
713 2937 824 2983 civilium
836 2951 864 2983 11.
881 2938 958 2999 [Nihil
966 2941 1014 2986 tale
1024 2942 1143 3000 reperitur
1151 2941 1175 2986 in
1185 2944 1238 2986 toto

130 3015 220 3074 pionte
234 3011 456 3057 habeiuteriaoto.
487 3011 661 3071 Fragmentum
712 3012 754 3058 illo
774 3013 835 3058 libro
853 3028 897 3060 nee
912 3015 978 3071 olibi,
993 3017 1058 3075 qnod
1075 3016 1157 3072 seium,
1174 3016 1238 3075 apud

130 3087 361 3146 αιοῶοφλωιίι,
374 3085 439 3145 apud
453 3085 540 3132 Aulum
552 3084 661 3142 Getliuno,
712 3086 859 3147 Appianum.
890 3090 993 3136 Videtur
1008 3092 1102 3136 Auctor
1117 3096 1199 3136 noster
1213 3092 1237 3136 in

133 3164 188 3211 Lib.
200 3175 248 3210 vu.
267 3175 289 3207 e.
300 3163 324 3209 3.
338 3161 401 3207 nuda
411 3161 521 3220 quredom
531 3174 605 3220 snpra
618 3161 661 3206 od-
712 3163 791 3206 animo
806 3163 916 3210 habuisse
929 3166 993 3224 quod
1003 3166 1082 3211 uiebst
1092 3164 1146 3211 dul.
1158 3166 1239 3211 Csesur

133 3239 201 3285 tulit.
231 3237 302 3285 m.
712 3235 1238 3292 inliterisodSenotum,duminurmisesset

179 3320 198 3345 ¹¹
213 3310 323 3359 Cuoeado
337 3325 366 3357 ns
380 3314 482 3357 mount
496 3311 662 3367 homimem-
712 3311 848 3371 Pompeius,
863 3313 970 3371 iniquum
986 3313 1045 3369 fere,
1060 3326 1085 3357 ae
1100 3313 1162 3371 cogi,
1172 3317 1200 3357 ut
1210 3326 1239 3357 en

131 3386 234 3434 tuendos
243 3386 305 3432 utero
313 3400 338 3433 ts
347 3383 460 3450 spirited]
477 3385 511 3432 Ut
521 3385 610 3442 Cursor,
620 3387 662 3445 qui
712 3385 851 3445 deponeret,
861 3387 951 3446 quippe
961 3387 1002 3445 qui
1018 3388 1051 3432 sie
1062 3387 1171 3431 hostibus
1185 3392 1236 3432 tra-

135 3475 194 3508 enm
217 3461 386 3521 rempubliesm
408 3466 546 3520 oocuparet,
567 3461 662 3507 dicebat
713 3460 823 3505 deretur:
853 3461 927 3518 Apud
947 3460 1018 3505 Dros
1039 3462 1161 3517 Cssstuu,
1181 3461 1235 3506 Lib.

134 3535 323 3583 adunandorum
344 3541 412 3583 metu
432 3549 458 3582 se
477 3548 506 3581 eo
525 3535 661 3582 adductum.
713 3548 767 3580 xm.
789 3536 842 3581 init.
863 3548 919 3594 pag.
935 3537 975 3582 171
994 3548 1017 3581 e.
1032 3535 1082 3582 Ed.
1097 3535 1133 3583 H.
1155 3536 1237 3597 Steph.

131 3784 167 3840 of
176 3785 256 3840 time.
302 3784 318 3838 1
330 3783 439 3839 confess
448 3785 551 3839 indeed
562 3783 625 3838 that
638 3784 664 3837 if
674 3784 721 3838 the
734 3800 878 3853 aggressor
888 3784 924 3837 be
936 3783 1033 3853 taking
1045 3801 1084 3854 up
1099 3801 1236 3856 neapons,

128 3870 190 3925 and
204 3872 234 3924 in
250 3869 320 3925 such
331 3885 350 3924 a
363 3886 423 3942 noy
435 3870 498 3924 that
512 3870 549 3924 he
568 3870 728 3941 monifestly
743 3871 856 3923 deesse
872 3869 938 3922 with
950 3869 999 3922 the
1019 3870 1112 3924 intent
1128 3878 1158 3925 to
1179 3871 1237 3934 hill,

130 3956 181 4012 the
196 3955 271 4012 deod
282 3972 349 4026 moy
362 3955 400 4010 be
411 3956 598 4027 anticipeted;
616 3957 662 4009 for
676 3956 705 4007 in
718 3955 807 4008 moral
820 3954 922 4025 things,
936 3971 966 4008 as
978 3956 1009 4006 in
1021 3957 1142 4020 natural,
1157 3956 1237 4010 there

131 4042 155 4096 is
170 4058 208 4096 no
218 4041 302 4113 point
312 4040 458 4096 withouta
469 4043 576 4096 eortein
589 4041 724 4095 latitudo:
748 4041 800 4094 but
811 4040 878 4111 they
893 4057 941 4093 are
953 4041 983 4092 in
994 4050 1075 4110 great
1084 4059 1164 4096 error
1176 4040 1236 4094 who

132 4127 215 4181 allow
228 4144 286 4198 any
305 4126 369 4181 sear
386 4123 526 4197 [however
540 4123 636 4197 slight]
654 4144 684 4180 us
700 4143 717 4179 a
736 4125 812 4196 right
835 4127 868 4180 of
883 4126 982 4196 killing
1001 4126 1046 4180 sor
1061 4127 1233 4196 prevention.

132 4210 163 4265 It
176 4211 201 4266 is
212 4213 275 4266 well
288 4212 351 4268 ssid
363 4213 401 4284 by
413 4213 512 4268 Cicero
530 4213 593 4266 that
605 4217 679 4265 most
693 4213 806 4281 injuries
819 4212 938 4282 proceed
952 4213 1026 4265 from
1040 4213 1109 4274 foer,
1124 4210 1160 4263 he
1175 4207 1236 4261 who

132 4296 285 4362 meditatas
298 4297 415 4370 hurting
434 4298 562 4362 another,
586 4298 695 4368 feuriug
715 4297 777 4351 thet
797 4299 823 4350 if
839 4298 875 4351 he
896 4297 1002 4351 donet
1022 4297 1058 4349 do
1077 4312 1116 4356 so,
1133 4294 1168 4345 he
1182 4293 1237 4344 will

131 4383 224 4438 suffer
234 4398 312 4440 some
323 4384 387 4439 evil.
435 4385 473 4440 So
487 4383 638 4440 Clearchus
653 4385 683 4436 in
694 4382 864 4454 Xenophon,
879 4384 950 4437 Coto
963 4383 1007 4436 for
1021 4381 1070 4434 the
1082 4377 1234 4433 Rhodions.

235 4530 372 4622 [ooo]
1094 4478 1137 4540 ¹4
1340 4542 1383 4622 Δ
