2866 4906
120 248 189 305 (iar.
202 245 268 316 1v.]
510 247 554 303 IN
575 249 824 306 SUPERIORES.

334 415 436 488 Τραχῦς
456 418 586 489 μόναρχοι·
607 418 672 488 κούχ
691 417 832 474 ὑπεύθυνος
852 419 947 489 spurci.

335 520 398 575 Rex
411 525 456 576 est
468 536 520 576 suo
534 525 617 576 utens
627 522 700 590 jure,
715 521 787 576 nulli
801 520 946 577 obnoxius.

121 614 290 704 Sophocles
314 614 373 705 [Ia
388 619 482 703 Ajac.
499 640 564 684 ver.
581 618 663 705 668]
682 643 690 685 ε

329 734 466 809 Ἅρχοηίς
486 737 562 804 εἰσιν,
583 734 642 795 eisd
664 736 804 794 iactarier.
832 735 861 794 ri
878 736 932 809 uis

335 841 411 896 Nam
425 842 566 914 principes
580 848 661 896 sunt:
685 842 910 914 obsequendum:
936 842 1040 915 quippe
1054 843 1104 898 ui?

120 936 287 1027 Euripides
314 936 491 1028 [Picentes.
510 962 578 1006 rer.
597 939 702 1028 393]:

335 1058 387 1117 Tris
403 1064 455 1114 τῶν
476 1058 635 1132 κρατοῦντων
656 1058 766 1132 ἅμαθίας
786 1059 873 1133 χρεῶν
893 1059 993 1132 dipel».

336 1162 460 1236 Imperis
473 1163 628 1218 habentum
642 1164 811 1237 perferenda
825 1165 935 1219 inscitia
950 1171 1001 1219 est.

122 1269 214 1336 sudo
235 1268 317 1356 quod
339 1291 435 1357 supra
455 1292 496 1336 ex
517 1269 626 1337 Tacito
648 1269 681 1335 in
706 1270 787 1337 hanc
809 1292 877 1335 rem
899 1268 1107 1337 adduximus:
1133 1268 1220 1357 cnjus

122 1378 156 1435 et
167 1370 227 1435 hoc
243 1377 303 1448 sst3
322 1371 477 1455 Princips'
488 1392 652 1436 summum
665 1393 774 1437 rerum
788 1370 966 1435 arbitrium
978 1371 1043 1436 Dii
1055 1371 1219 1448 dcdmnt,
1232 1397 1288 1436 aas
1298 1394 1349 1436 vsa

122 1458 265 1537 subditis
280 1470 422 1556 obsequii
436 1470 547 1555 picria
562 1470 680 1536 relicto
696 1477 752 1536 cst.
804 1467 868 1534 Hic
885 1470 1044 1555 quoque²z

338 1597 458 1669 Indigna
472 1596 557 1668 digna
570 1596 701 1652 habenda
715 1601 789 1661 sunt,
803 1613 853 1651 rex
868 1614 929 1667 ques
942 1597 1021 1653 iacit.

124 1704 263 1770 Seneca:
288 1706 439 1789 AEqaum
456 1717 555 1789 atquc
569 1707 718 1787 iniquum
734 1706 821 1790 repis
837 1706 1138 1792 imperiumferas:
1235 1732 1387 1782 amaros

124 1804 217 1882 Quod
232 1826 273 1870 ex
287 1805 438 1892 Sophocle
455 1813 600 1881 sumtum,
617 1802 671 1890 qui
686 1803 811 1870 dixerat
832 1802 1000 1890 [Antipera
1019 1827 1085 1871 rer.
1104 1803 1210 1892 667]:

380 1921 448 1979 ’alt'
470 1921 501 1976 bs
516 1923 594 1978 πόλις
615 1920 730 1990 στήσειε,
751 1924 828 1977 τοῦδε
844 1920 895 1994 χρὴ
918 1922 1004 1979 κλύειν

381 2010 431 2064 Kal
453 2010 550 2080 σμικρὰ
567 2008 609 2063 sol
630 2009 714 2064 bisam
735 2006 777 2064 sal
793 2006 918 2066 rivensis.

124 2116 167 2183 Et
183 2117 268 2204 quod
282 2117 367 2204 apud
384 2116 565 2185 Sallustium
582 2124 649 2184 est:
664 2109 821 2206 l'insparsa
838 2120 969 2205 quidvis
978 2122 1104 2205 facere,
1121 2122 1160 2185 s'd
1176 2132 1224 2187 est

124 2239 228 2302 repom
247 2218 339 2284 assei.

200 2317 222 2381 3
256 2315 340 2382 Hinc
364 2315 480 2403 ubique
504 2317 660 2405 majestas,
697 2317 810 2393 idest,
837 2315 985 2404 dignitas,
1015 2315 1081 2383 sire
1105 2315 1221 2405 populi,

125 2413 306 2493 sisennius,
324 2414 378 2502 qui
394 2438 512 2483 summo
528 2417 673 2506 iungitur
688 2415 827 2505 imperio,
846 2423 895 2482 tot
911 2415 1042 2504 legibus,
1060 2425 1108 2484 tot
1124 2415 1223 2502 poenis

125 2513 321 2581 defenditur:
357 2535 428 2601 quae
451 2525 592 2584 constare
618 2540 680 2583 non
706 2524 818 2604 potest,
847 2514 875 2582 si
905 2523 1031 2580 maneat
1057 2514 1223 2581 resistendi

125 2611 257 2681 lieentia
308 2612 400 2680 Miles
415 2613 470 2701 qui
492 2616 646 2705 castigare
667 2614 784 2682 volenti
809 2636 844 2682 se
866 2613 1038 2681 centurioni
1061 2613 1222 2692 restiterit,
1236 2635 1389 2723 hm?

1248 2730 1391 2770 ,ademit

169 2791 299 2839 *rmus
314 2805 396 2839 venus
410 2791 532 2839 suumn
547 2792 653 2852 rursm
700 2793 982 2853 imprudentissimo
994 2792 1070 2852 jur-u:
1086 2806 1157 2852 qum
1167 2792 1225 2851 sps.
1236 2774 1375 2868 mm

127 2868 202 2928 (liqna
220 2866 330 2914 tuturo
348 2871 409 2924 suas,
425 2867 496 2913 herus
512 2867 652 2927 quoesucit.
701 2882 852 2928 nequaquam
878 2868 1008 2928 largiturus
1032 2873 1084 2914 srst
1107 2867 1226 2913 libertatis
1237 2868 1360 2910 saroam

130 2942 221 3003 qutio.
234 2955 264 2988 11.
275 2944 296 2998 1,
306 2941 329 2988 6.
360 2941 387 2987 J.
398 2942 430 2988 B.
700 2942 787 2988 vindex
796 2943 932 2989 acerrimus.
948 2941 1043 3000 inspice
1054 2946 1131 2987 totum
1139 2942 1227 2999 locum,

171 3019 285 3080 bIsupsose
294 3017 521 3079 consumatur
529 3024 653 3081 ests-eccm
700 3017 763 3063 Bell.
774 3017 888 3077 Juqurtls.
902 3031 922 3062 c·
934 3016 972 3064 36.
1003 3016 1028 3062 Si
1039 3015 1087 3061 alia
1101 3016 1155 3061 locs
1169 3030 1227 3062 con.

127 3096 185 3158 sest]
200 3095 328 3142 Pertinent
345 3094 392 3140 huo
408 3095 444 3141 bl.
456 3094 558 3141 Antonii
572 3097 653 3151 verbs,
700 3096 770 3150 gesta
783 3092 956 3151 expendantur,
968 3091 1002 3135 nil
1019 3090 1086 3136 aliud
1100 3091 1125 3136 in
1141 3091 1228 3150 pleris-

127 3186 180 3232 qn·
186 3168 330 3228 stosepho
336 3167 407 3215 modo
412 3167 562 3215 adduximus.
577 3168 652 3228 (Cap.
701 3179 749 3225 qne
758 3167 899 3226 reperietur,
908 3165 982 3210 immo
991 3165 1120 3224 aliquando
1130 3170 1227 3212 contra·

127 3244 229 3308 praeced.
239 3241 254 3302 5
266 3241 315 3300 22).
700 3241 762 3287 rium
776 3241 835 3302 ejus,
851 3241 916 3299 quod
935 3240 992 3286 inde
1010 3242 1106 3287 Auctor
1125 3240 1227 3301 colligit.

170 3315 653 3373 ⁸Verbssuntlltcsrsssss'i‚'l¹ribuniPlebis,
700 3315 770 3363 ab.

128 3395 170 3458 qni
177 3391 286 3455 loquitur
295 3393 390 3438 tantum
400 3389 431 3436 ds
441 3403 507 3438 mors
516 3389 620 3450 Regum,
628 3393 653 3436 et

185 3641 203 3690 2
230 3633 307 3690 Such
319 3651 338 3689 a
350 3633 524 3706 prohibition
538 3636 572 3691 of
582 3636 667 3702 force,
679 3638 757 3702 then,
769 3638 792 3692 is
805 3637 854 3692 tho
868 3651 954 3706 usage
969 3635 1002 3691 of
1013 3634 1051 3691 all
1062 3636 1176 3710 society.
1200 3639 1230 3694 It

126 3720 151 3777 is
167 3722 208 3776 tls
217 3721 328 3794 castrat
341 3731 408 3793 post
420 3725 456 3792 of
465 3723 568 3777 homan
580 3724 681 3793 society,
695 3740 757 3794 says
772 3723 936 3794 Augustius,
952 3731 978 3775 to
993 3723 1054 3794 obcy
1066 3722 1151 3794 kiaqs.
1190 3725 1229 3780 So

128 3807 286 3879 AEsehylus,
307 3806 469 3879 Sophocles,
485 3808 642 3879 Euripides,
659 3810 781 3872 Tacitus,
807 3810 923 3872 Seneca,
942 3806 1004 3861 who
1024 3809 1092 3864 took
1114 3809 1137 3864 it
1155 3810 1230 3865 from

129 3890 291 3964 Sophocles,
306 3893 363 3947 and
379 3893 494 3947 Sallust.
535 3889 601 3963 [See
617 3894 665 3949 the
679 3911 818 3966 passages.
857 3894 918 3948 The
934 3893 992 3947 line
1005 3895 1127 3966 Indique
1146 3897 1231 3966 dipsas

128 3979 249 4034 Mbcndc
261 3988 334 4046 mut,
349 3996 398 4034 rae
409 3998 469 4050 quse
475 3981 560 4050 facit,
572 3981 595 4034 is
609 3996 627 4033 a
640 3981 748 4052 parody
759 3980 793 4035 ef
805 3997 822 4034 a
833 3979 890 4035 line
905 3980 936 4034 in
947 3979 1074 4045 Plautus,
1085 3997 1133 4035 rae
1146 3981 1231 4052 being

128 4069 181 4138 put
191 4064 238 4120 for
249 4066 336 4120 hona.
375 4064 478 4135 Captis.
495 4081 526 4120 11.
542 4071 567 4120 1.
582 4070 607 4119 6.
639 4067 667 4119 J.
682 4061 732 4134 B.]

186 4156 203 4206 3
232 4150 332 4206 Hence
339 4149 389 4206 the
398 4152 524 4223 majesty,
536 4151 599 4205 that
611 4152 642 4216 is,
655 4151 703 4206 the
715 4152 823 4224 dignity
835 4152 868 4208 of
876 4151 924 4207 the
935 4153 1095 4222 Serereign,
1106 4150 1232 4205 whether

128 4233 166 4291 bs
178 4235 216 4292 ba
229 4237 300 4309 king
310 4253 344 4292 or
355 4238 466 4310 people,
478 4239 501 4295 is
514 4237 654 4293 defended
669 4236 707 4308 by
719 4255 750 4292 so
762 4254 846 4311 many
858 4239 933 4302 laws,
944 4256 975 4294 so
990 4255 1074 4308 many
1085 4235 1231 4307 penalties.

129 4321 190 4377 The
204 4322 317 4387 soldier,
336 4322 409 4388 who,
423 4324 503 4379 when
519 4324 566 4378 tho
581 4324 728 4377 centurion
741 4322 793 4379 has
808 4330 838 4380 to
852 4341 968 4395 scourge
983 4323 1051 4385 him,
1062 4321 1156 4376 resists
1174 4319 1232 4373 aad

128 4407 216 4466 scissa
228 4406 279 4466 tho
290 4408 445 4467 rinesalk
457 4406 519 4478 (the
536 4407 707 4466 instrument
722 4409 756 4467 oi
770 4407 974 4485 punishment),
994 4409 1018 4465 is
1032 4406 1175 4463 esshiered
1183 4425 1191 4472 3
1209 4404 1232 4461 it
