2866 4906
200 204 244 267 22
495 212 591 279 cnm
615 210 782 276 nnnnnu,
806 210 902 276 omn
926 209 1004 267 sus.
1192 204 1263 279 [nm.
1276 208 1299 262 1.

202 385 305 448 nint&
324 377 370 467 pii
387 399 427 445 ex
445 376 612 444 Gentibus:
629 385 665 444 ut
676 372 792 462 legitur
807 377 915 443 ctitulo
929 373 1131 441 Thalmudico
1145 370 1185 437 de
1200 372 1300 459 Rege.

204 481 288 547 Talis
305 479 358 566 qui
375 485 432 554 est,
449 477 483 542 in
496 477 567 565 lege
584 475 697 543 dicitur
714 484 831 556 wll
848 476 947 543 Levit
965 474 1037 539 xxii.
1056 475 1110 551 25,
1133 482 1240 542 suini
1258 481 1300 539 'tl

204 579 305 646 Levit.
321 600 392 644 xxv.
409 579 463 654 47,
489 577 544 642 ubi
568 575 735 645 Chaldaeus
760 579 844 645 dixit
868 569 1021 640 “incolam
1045 573 1301 642 incircumcisum.

206 680 262 760 Hi,
288 687 325 746 ut
350 684 481 743 nauant
508 675 568 762 ipsi
594 675 804 745 Hebraeorum
827 674 977 765 magistri,
1003 674 1090 762 leges
1116 675 1241 741 Adamo
1269 683 1302 741 et

204 780 286 845 Noa
306 779 397 845 datas
423 797 551 842 servaro
576 777 776 857 tenebantur,
802 776 960 844 abstinere
988 773 1030 839 ab
1061 772 1151 839 idolis
1176 784 1210 841 et
1232 795 1302 839 san-

205 877 312 967 guine,
335 884 369 945 ct
383 875 451 942 aliis
467 897 538 962 quoe
554 874 637 942 infra
653 898 709 943 suo
725 878 793 944 loco
810 873 1074 949 memorabuntur,
1100 882 1136 940 at
1149 895 1211 938 non
1227 873 1302 939 item

205 978 292 1068 leges
305 976 449 1065 proprias
465 975 686 1042 Israelitarum.
730 976 843 1064 Itaque
863 996 933 1041 cum
949 971 1099 1038 Israelitis
1115 995 1178 1038 non
1194 972 1304 1039 liceret

205 1077 289 1143 vesci
314 1098 408 1142 carne
425 1073 533 1140 bestiae
556 1095 626 1161 quae
647 1077 713 1142 tato
739 1099 794 1142 suo
821 1074 972 1164 periisset,
996 1071 1172 1160 peregrinis
1198 1081 1304 1137 minen

206 1175 289 1242 inter
302 1176 386 1263 ipsos
402 1173 580 1239 viventibus
601 1173 635 1239 id
651 1174 775 1252 licebat,
799 1177 930 1241 Denter.
945 1171 1007 1237 xiv.
1023 1171 1077 1236 21.
1129 1170 1199 1237 Nisi
1219 1171 1304 1258 quod

206 1276 390 1362 quibusdam
406 1272 527 1362 legibus
543 1271 718 1361 specialiter
734 1296 914 1362 expressum
931 1280 989 1352 est,
1005 1279 1043 1337 ιιι
1058 1271 1170 1337 incolae
1186 1270 1225 1336 iis
1241 1291 1303 1336 non

206 1375 308 1440 minus
324 1395 418 1461 quam
434 1372 593 1460 indigenae
608 1373 803 1440 teneanturi.

277 1475 301 1538 4
333 1470 501 1538 Extraneis
518 1472 621 1549 ctiam,
647 1473 701 1559 qui
724 1473 849 1539 aliunde
873 1468 1068 1548 advenirent,
1093 1491 1196 1557 neque
1217 1466 1304 1534 insti·

205 1572 283 1639 tutis
321 1570 486 1637 Hebraicis
519 1570 755 1657 subjicerentur,
791 1573 823 1637 in
861 1568 977 1656 templo
1011 1568 1304 1658 Hierosolymitano

205 1672 291 1738 licuit
308 1670 412 1736 Deum
428 1668 572 1746 adorare,
599 1678 632 1736 et
645 1670 785 1737 uictimas
799 1671 922 1750 offerre,
947 1668 1119 1734 estantibus
1141 1667 1300 1733 tamenin

206 1772 274 1836 loco
291 1768 440 1857 peculiari
452 1790 489 1834 ac
503 1779 685 1856 separatos
705 1771 839 1838 statione
862 1768 1083 1848 Israelitarum‚
1110 1771 1128 1832 l
1147 1769 1230 1856 Reg.
1249 1763 1306 1852 qui

207 1870 327 1936 Latinis
352 1871 373 1933 3
391 1869 472 1957 ch.
490 1866 552 1934 viii.
573 1869 628 1946 41,
654 1869 795 1936 2Macc.
813 1869 855 1936 iii.
871 1871 925 1947 35,
951 1868 1065 1934 Johnn.
1083 1867 1140 1933 xii.
1164 1869 1220 1949 20,
1244 1866 1306 1931 Ac·

248 2070 260 2096 e
278 2063 356 2109 hitulo
371 2061 525 2108 ssalmudico
535 2060 645 2123 deque]
656 2062 689 2109 lit
698 2061 731 2109 ti-
779 2061 895 2110 dieeerit?
913 2061 943 2108 de
952 2061 984 2107 to
993 2059 1035 2121 qui
1045 2064 1099 2106 mete
1113 2058 1206 2106 Christi
1217 2057 1305 2104 adven·

205 2137 257 2183 tulo
269 2137 299 2183 de
310 2137 433 2197 Synedrlo,
446 2150 498 2196 cnp.
509 2139 546 2183 11.
779 2142 828 2183 tum
839 2139 933 2198 suere.-
959 2136 1060 2182 mudum
1079 2136 1140 2182 enim
1158 2134 1193 2180 ud
1214 2131 1305 2180 oratic

249 2208 382 2255 “Iamlam
405 2207 604 2269 incircumcisum]
626 2207 666 2255 De
687 2205 731 2254 illi
779 2217 885 2274 tempora
900 2213 1020 2274 perducta
1039 2214 1072 2257 est
1086 2211 1172 2256 oratio,
1197 2207 1305 2255 Deinde:

204 2283 286 2344 agitur
300 2283 419 2330 ciEaeodi
433 2284 522 2331 xiidii.
552 2283 731 2344 Aquodisiin·
774 2287 905 2344 Ἓλληνας
923 2288 948 2334 dd
969 2285 1076 2333 inaltet
1097 2291 1185 2344 φησιν,
1200 2285 1228 2329 οὐ
1246 2283 1307 2328 ‘rods

204 2359 288 2418 guitur
297 2360 439 2419 proselytus,
448 2359 472 2405 id
483 2363 520 2406 cst
530 2359 682 2406 circumcisus
689 2359 732 2405 sd·
780 2362 1034 2420 οιδιολολατροῦνταο,
1053 2359 1123 2408 ἄλλο’
1143 2359 1201 2405 τοὺς
1223 2356 1306 2403 θεοσε-

204 2447 271 2489 vena,
288 2439 316 2479 nt
329 2435 435 2481 ostendis
450 2433 546 2480 collatio
557 2434 605 2481 loci
614 2433 687 2480 Num.
697 2435 731 2484 ix.
778 2437 894 2496 βοῦνταο,
910 2436 968 2482 τοὺς·
981 2437 1021 2495 τῷ
1035 2435 1134 2494 φυσικῷ
1148 2430 1308 2490 πειθομένους

206 2512 243 2556 14.
273 2510 312 2556 Do
331 2511 376 2569 piis
394 2510 442 2555 illis
463 2509 634 2556 incircumcisis
654 2511 732 2556 multa
780 2511 861 2571 λόγῳ,
879 2511 938 2557 τοὺς
953 2509 1023 2563 πλήν
1037 2509 1090 2553 τῶν
1099 2506 1241 2552 Ἰουδαϊκῶν
1254 2522 1306 2550 sra-

204 2585 444 2632 habctttaimonides
458 2586 520 2631 libro
535 2585 564 2631 dc
578 2585 732 2640 Idololatria,
778 2581 1037 2644 ρατηριίοοοοντάντα
1051 2580 1087 2626 ἰα’
1100 2584 1164 2639 πρὸς
1179 2578 1307 2636 εὐσέβειαν

205 2673 227 2704 c.
247 2674 271 2707 x.
292 2660 307 2719 5
325 2661 347 2707 6.
374 2661 441 2706 Ιιιοιιι
462 2661 487 2706 in
510 2661 681 2706 commentario
701 2661 731 2706 ad
780 2658 951 2704 συντελοῦντα
974 2655 1161 2712 διατηροῦνταο.
1216 2652 1306 2698 Exem-

204 2731 347 2790 Mimujoth,
363 2740 388 2780 et
407 2734 464 2780 alibi
480 2748 551 2794 saepc,
566 2733 618 2793 pios
634 2734 688 2779 illos
702 2748 732 2780 ex
779 2733 868 2792 pieque
874 2732 916 2777 dat
925 2731 950 2776 in
961 2729 1143 2785 Melchisedeco‚
1154 2727 1226 2782 Jobo,
1235 2726 1306 2772 Nini-

205 2809 319 2866 gcntibus
328 2809 457 2868 participes
466 2808 501 2854 eit
510 2809 604 2854 tuturos
614 2809 732 2854 bonorum
780 2808 843 2864 ritis,
854 2806 975 2858 cornelio,
984 2819 1056 2852 mox:
1067 2802 1177 2859 Ἑλλήνα
1188 2803 1214 2849 δὲ
1225 2801 1307 2849 πάλιν

205 2883 281 2929 futuri
291 2884 378 2930 seculi.
405 2882 628 2943 Chrysostomund
642 2884 732 2929 Romn·
781 2878 1136 2939 οὐτόνοιδιολολάτρην,ιι’λλά
1146 2879 1193 2926 τὸν
1202 2877 1308 2935 θεοσεβῆ

207 2970 251 3002 nos
274 2972 325 3017 cap.
342 2960 370 3004 2:
401 2963 475 3004 ποῖον
490 2957 611 3004 Ἰουδαῖον
624 2957 732 3005 ἐνταῦθα’
781 2959 822 3004 καὶ
833 2956 951 3016 ἐνάρετον
960 2954 1001 3000 xal
1014 2956 1067 3001 τοῖν
1076 2955 1181 3013 νομικῶν
1190 2969 1307 3010 παρατη-

207 3037 295 3089 φησιν,
304 3032 319 3087 οἳ
333 3033 392 3093 περὶ
408 3034 487 3079 ποίων
502 3031 634 3087 Ἑλλήνων
648 3033 733 3079 διαλέ-
780 3033 876 3092 privem
892 3029 1091 3089 ἀπηλλαγμένον
1107 3029 1183 3088 φησί·
1212 3028 1308 3075 θναοοε

207 3122 283 3165 'yma
295 3124 302 3165 3
316 3111 368 3154 τῶν
377 3109 428 3168 πρὸ
442 3108 487 3162 τῆς
501 3107 548 3152 τοῦ
559 3107 672 3165 Χριστοῦ
682 3125 733 3153 τα.
780 3109 819 3155 hic
834 3109 900 3163 dicit,
912 3121 958 3151 non
970 3104 1086 3151 idolorum
1102 3105 1209 3157 cultores,
1226 3105 1269 3150 sed
1282 3104 1308 3150 iu

206 3182 316 3237 poncias.
333 3183 403 3227 οὔπω
418 3181 469 3242 γάρ
486 3183 520 3227 sta
534 3183 592 3227 ‘robe
602 3184 648 3235 τῆς
659 3180 732 3242 χάρι-
781 3185 860 3231 Deum
866 3184 930 3243 pios,
941 3181 1049 3226 naturali
1059 3180 1148 3226 rationi
1153 3180 1307 3240 obsequentes,

207 3272 270 3300 στοι
277 3254 374 3315 ἔφθασε
381 3254 603 3317 χρόνουοὸλόγοο·
613 3257 734 3316 quech-
781 3262 825 3322 qui
827 3265 914 3320 proter
919 3257 1028 3305 Judcica
1037 3256 1152 3312 instituta,
1162 3265 1247 3302 cuncta
1256 3271 1306 3316 quis

207 3331 281 3376 deum
301 3331 340 3378 hic
356 3331 454 3388 indicat,
467 3336 490 3377 et
502 3330 531 3376 dr
546 3331 630 3391 quihus
644 3331 735 3380 Graccis
782 3333 817 3379 ad
821 3332 934 3393 pietatem
932 3328 1181 3391 facerentreruabant.
1195 3327 1231 3374 Et
1239 3326 1308 3375 (ἕνα.

208 3575 257 3631 tho
273 3577 328 3631 Old
342 3578 505 3633 Testament
520 3577 579 3647 [seo
593 3579 643 3634 the
657 3577 838 3648 references]
857 3581 957 3647 These,
971 3599 1002 3637 ns
1016 3582 1065 3637 tho
1075 3581 1179 3637 Jewish
1194 3582 1307 3637 doctore

207 3662 299 3726 touch,
318 3680 390 3717 were
405 3663 501 3718 bound
516 3671 546 3719 ιο
561 3665 634 3736 obey
648 3665 696 3720 the
712 3666 778 3721 lawe
795 3667 877 3738 ςίιοιι
892 3673 922 3723 ιο
938 3667 1029 3722 Adam
1047 3667 1103 3721 and
1120 3673 1151 3721 ιο
1165 3667 1258 3731 Νοαιι,
1276 3674 1306 3722 to

208 3748 319 3803 abstain
333 3749 407 3804 from
422 3749 492 3804 idols
507 3750 563 3804 and
579 3750 653 3805 from
668 3752 761 3817 blood,
775 3752 831 3806 and
845 3769 924 3808 some
938 3753 1020 3808 other
1034 3759 1168 3816 mattcm
1189 3751 1241 3807 but
1255 3759 1307 3808 not

208 3840 238 3889 to
254 3834 369 3889 observe
385 3833 433 3889 the
448 3835 574 3906 peculiar
587 3836 692 3892 Jewieh
706 3839 788 3893 lawe:
805 3844 905 3908 except
918 3838 982 3893 that
996 3854 1073 3893 some
1087 3837 1153 3892 leus
1165 3839 1307 3908 expressly

208 3920 298 3974 direct
312 3919 375 3974 thet
389 3931 440 3974 not
454 3922 521 3993 only
532 3921 580 3976 the
594 3923 664 3987 Jew,
684 3924 736 3979 but
750 3923 800 3979 the
813 3930 941 3995 strangcr
952 3923 1048 3979 within
1062 3923 1106 3977 his
1127 3929 1192 3994 gete
1205 3923 1307 3977 sbould

208 4004 245 4061 bo
259 4005 354 4060 bound
369 4005 408 4076 by
419 4004 511 4061 them:
528 4003 570 4075 [as
583 4007 631 4063 the
644 4008 695 4062 law
714 4009 747 4065 of
755 4009 804 4065 the
817 4009 960 4066 Sabbath:
976 4010 1065 4064 Exod.
1079 4026 1122 4063 xx.
1140 4006 1192 4076 10].

266 4098 283 4145 4
313 4092 341 4146 It
355 4108 409 4145 was
427 4092 486 4146 also
502 4094 652 4164 permittcd
668 4100 698 4149 to
717 4100 857 4168 strangers
875 4103 905 4151 to
921 4095 1040 4166 worship
1057 4095 1113 4149 end
1131 4100 1162 4149 ιο
1182 4093 1307 4150 sacrifice

208 4177 239 4232 in
261 4177 310 4232 the
332 4177 454 4249 temple;
475 4178 527 4233 but
548 4180 678 4251 standing
691 4181 722 4235 in
739 4198 758 4236 a
774 4181 899 4253 peculias
919 4183 1008 4255 place,
1022 4187 1150 4254 separate
1165 4179 1239 4236 from
1257 4181 1307 4236 the

208 4265 289 4337 place
304 4264 337 4318 of
348 4263 397 4319 tbe
411 4264 561 4320 Israeliten.

268 4351 329 4406 The
349 4349 483 4423 prophete
498 4350 632 4426 speaking
643 4356 674 4408 to
687 4359 844 4426 strangam
859 4352 955 4412 Elisha
968 4358 999 4413 to
1013 4353 1151 4425 Naaman,
1164 4350 1260 4409 Jonah
1277 4357 1308 4408 to
