2866 4906
216 160 257 240 68
409 167 464 225 un
484 168 660 224 nnnnann
681 167 851 234 uuonan
872 167 1027 224 cussum
1048 167 1121 223 err.
1204 163 1317 237 [nnn

214 346 303 404 etue
318 332 390 421 quis
413 334 523 402 tritum
544 333 622 400 illud
648 333 783 420 objiciat,
810 336 971 400 ⁹Veterem
988 335 1129 418 suendo
1156 334 1317 417 injuriam

214 437 338 502 incitos
357 456 496 501 nouam:
520 433 618 511 addit,
644 432 772 521 ‘potius
795 432 887 499 etiam
909 430 1070 498 ferendum
1092 453 1159 497 esse
1185 431 1318 497 alteram

131 587 134 593 ,
214 532 368 621 injuriam,
395 555 489 620 quam
515 532 757 620 propulsandam
789 531 946 618 priorem:
977 529 1051 615 quia
1083 529 1197 595 scilicet
1218 522 1319 596 hnihil

214 631 288 698 inde
312 632 354 698 ad
378 654 435 699 nos
458 631 533 697 mali
557 631 710 718 pervenit,
744 630 803 696 nisi
828 629 911 716 quod
936 629 970 693 in
996 628 1094 695 stulta
1118 628 1318 715 persuasione

214 729 349 818 positum
367 738 423 797 est.
474 729 635 797 Maxillnm
651 731 817 796 obvertere
838 729 872 793 in
894 727 1081 794 Hebraismo
1098 737 1147 793 est
1161 727 1318 814 patienter

214 829 363 908 ferrent
381 837 515 916 apparet
530 827 614 894 Esai.
630 828 650 894 l
669 831 711 906 63
735 829 855 894 Jerem.
873 825 915 891 iii.
939 831 983 893 3:
1008 819 1165 914 ipraebere
1187 847 1223 892 os
1246 848 1318 891 oon·

215 928 358 1004 tumeliis,
376 927 455 993 dixit
472 926 599 992 Tacitus
616 926 830 993 Historiarum
847 924 940 993 tertio
951 926 971 992 ¹.

143 1066 150 1080 ·
291 1030 312 1093 9
346 1026 488 1092 Tertium
503 1033 722 1113 argumentum
740 1025 804 1112 peti
820 1023 900 1091 solet
917 1046 957 1090 ex
974 1024 1116 1111 eoquod
1132 1024 1217 1112 apud
1233 1026 1318 1106 Mat-

153 1174 156 1180 .
214 1126 332 1192 thaeum
346 1124 506 1211 sequitu:
531 1124 685 1190 Audistis
704 1126 829 1190 dictum
841 1126 961 1209 fisiaco,
987 1126 1118 1210 Diliqes
1128 1127 1317 1212 proximum

215 1236 316 1301 taum,
332 1237 364 1290 et
380 1225 455 1291 odio
472 1224 604 1289 habebis
620 1225 792 1289 inimicum
811 1235 924 1288 tuum:
946 1226 1022 1308 Epo
1038 1245 1111 1289 vero
1128 1226 1201 1289 dico
1217 1224 1316 1304 cobus,

214 1325 358 1408 Dilipite
373 1324 524 1388 inimicos
540 1334 670 1398 vestros,
689 1323 863 1388 benedicite
877 1323 933 1396 eie,
952 1324 1013 1407 qai
1027 1344 1082 1387 coe
1097 1333 1315 1398 emeeroatar,

208 1423 397 1508 precamini
405 1443 471 1507 pro
488 1423 544 1496 eie,
558 1422 617 1505 qai
628 1421 741 1505 infecti
756 1422 844 1487 vobis
860 1431 937 1486 ruat
953 1432 983 1485 et
999 1442 1055 1486 voe
1068 1432 1316 1506 persequuntur.

217 1520 298 1585 Sunt
314 1518 396 1583 enim
417 1517 472 1604 qui
491 1517 669 1583 existimant
691 1539 760 1582 oum
785 1516 840 1583 tali
866 1516 1029 1583 dilectione
1054 1526 1087 1583 et
1112 1518 1318 1585 beneficentia

214 1617 381 1683 adversum
405 1614 544 1680 inimicos
568 1624 602 1680 et
625 1614 753 1681 infestos
775 1635 918 1703 pugnare
941 1622 1008 1681 tum
1025 1615 1144 1701 judicia
1160 1616 1315 1702 capitolia,

215 1724 282 1782 tum
298 1714 390 1780 bella
442 1713 506 1780 Sed
522 1713 613 1779 facile
627 1711 661 1778 id
677 1713 839 1792 refellitur,
867 1712 895 1778 si
919 1713 1019 1800 ipsum
1044 1714 1122 1779 illud
1146 1714 1225 1802 legis
1249 1715 1318 1780 He-

214 1813 328 1883 braicae
361 1811 478 1879 dictum
510 1810 746 1878 consideremus
804 1811 1053 1900 Praecipiebatur
1086 1812 1245 1891 Hebraeia
1281 1821 1318 1880 ut

259 1986 316 2035 ⁰1¹1.
338 1987 427 2036 Petito
445 1986 515 2048 Syro,
530 1985 650 2034 relerents
665 1987 743 2035 Auno
835 1986 935 2035 lMtil
951 1987 1006 2035 inde
1022 1988 1057 2034 od
1068 2002 1111 2036 uos
1126 1987 1186 2035 maii
1201 1990 1317 2048 μναιαίε,

216 2054 409 2121 Gnu10,Noci.
420 2061 492 2109 aaa.
503 2075 567 2108 xvn.
577 2064 615 2109 14.
645 2062 672 2110 J.
683 2063 716 2109 B.
792 2064 840 2110 nisi
849 2062 914 2124 quod
926 2063 952 2108 ia
965 2063 1040 2109 stulta
1049 2064 1205 2123 permotione
1214 2065 1318 2123 positam

259 2148 273 2183 s
288 2137 505 2198 Potiursercsdonr
515 2151 564 2185 erse
574 2138 674 2184 ulteruss
681 2139 745 2197 iass-
793 2136 838 2198 est]
863 2138 1048 2198 chrysostomus
1068 2138 1099 2184 de
1116 2138 1207 2185 statuis
1226 2140 1318 2199 primas

216 2213 289 2274 riuos]
306 2214 490 2274 Chrysostomus
499 2225 547 2260 ru.
562 2213 593 2259 sd
608 2213 745 2263 Romanos:
794 2210 884 2272 [immo
903 2211 1013 2258 amca
1034 2225 1092 2271 pag.
1112 2209 1318 2271 471.T0m.v1.]

216 2289 281 2343 αὕτη
303 2286 386 2348 priori
407 2286 513 2346 λαμτρᾶ
527 2287 592 2343 νίκη,
606 2286 639 2333 τὸ
654 2288 746 2334 πλεῖον
795 2287 916 2345 ὕβρινούκ
925 2285 1149 2346 α’πὸγνῶμηςτῶν
1162 2287 1322 2346 ὑβριζόντων,

217 2365 285 2424 αὐτῷ
295 2369 441 2423 παρασχεῖν
451 2361 484 2409 ὦν
493 2363 624 2421 βούλεται,
634 2362 677 2408 καὶ
687 2365 746 2411 eolre
794 2361 853 2408 dil·
869 2362 922 2409 α’τό
937 2362 983 2418 τῆς
992 2361 1124 2408 διαθέσεως
1138 2364 1190 2408 τῶν
1204 2378 1319 2422 πασχον-

217 2439 288 2498 iipovs
301 2440 349 2493 τῆς
358 2438 469 2496 πονηρᾶς
483 2434 614 2495 ἆτνθυμίας
623 2437 701 2483 αὑτοῦ
710 2439 745 2495 τῇ
794 2454 847 2484 των
854 2437 868 2492 ἦ
876 2437 1056 2493 συνίσταται,ιῖ
1064 2437 1219 2483 ἀπόλλυται.
1231 2436 1320 2484 Conu-

217 2512 341 2573 ὄαψιλιίᾳ
351 2513 398 2566 τῆς
407 2511 500 2558 circlos
509 2510 648 2569 ὑπερβῆναι
653 2528 747 2571 porpo-
794 2513 870 2560 uuelioe
883 2527 929 2558 non
942 2513 973 2559 ab
988 2512 1110 2571 inserente
1125 2511 1222 2567 uniam
1236 2512 1279 2557 red
1291 2527 1321 2558 ea·

217 2581 311 2642 iunior.
338 2583 400 2631 Haec
414 2584 625 2645 eynpia'cr'ctoria
635 2584 694 2643 plac
707 2585 746 2632 illi
790 2585 884 2643 judicio
904 2601 992 2640 mm,
1009 2585 1052 2646 qui
1068 2585 1204 2646 potissim,
1224 2590 1266 2632 aad
1278 2587 1321 2645 fil,

217 2659 307 2719 lurpiri
321 2672 394 2719 quam
408 2659 471 2715 uelit,
485 2662 508 2704 et
516 2659 581 2717 finer
595 2659 708 2718 improbe
721 2660 747 2705 in
795 2665 837 2706 aust
842 2661 916 2720 perit.

217 2733 260 2779 tuo
275 2732 384 2780 libidinis
398 2731 542 2779 liberalitato
552 2732 662 2792 proprioe
677 2733 745 2792 pati·
841 2735 973 2781 'Prodere
987 2749 1014 2781 or
1028 2735 1184 2796 contumeliis]
1208 2735 1319 2783 Praebere

217 2805 466 2854 mtioeirmendere.
485 2805 568 2868 [Tum.
576 2820 616 2854 111.
626 2821 682 2868 pag.
693 2807 746 2868 98].
796 2823 833 2867 os,
853 2823 882 2856 eo
899 2823 972 2856 sensu
993 2815 1019 2857 et
1038 2813 1104 2871 apud
1124 2811 1264 2859 Terentium
1285 2816 1323 2859 est

217 3019 287 3076 than
307 3026 339 3076 to
356 3020 435 3092 repel
453 3020 503 3077 the
516 3020 593 3087 lirstr
614 3022 690 3078 since
702 3040 743 3078 we
758 3023 877 3097 thereby
888 3026 998 3081 receive
1013 3042 1050 3080 no
1062 3025 1120 3081 evil
1132 3032 1233 3098 except
1247 3025 1323 3081 what

217 3107 267 3161 has
280 3107 316 3161 its
331 3112 392 3162 seat
403 3106 434 3160 in
448 3123 466 3160 a
479 3106 582 3162 ioolish
596 3109 767 3178 pemuasion
1323 3148 1327 3156 ·

273 3193 315 3248 'l'o
332 3193 397 3265 gire
417 3191 467 3247 the
485 3191 574 3248 cheelr
592 3199 622 3248 to
641 3192 690 3249 the
706 3196 812 3260 cmiter,
827 3193 850 3250 is
862 3212 880 3250 a
894 3197 1043 3253 Hebraism
1061 3197 1198 3270 implying
1212 3203 1242 3252 to
1253 3197 1325 3252 bear

216 3279 364 3352 patiently,
376 3295 407 3335 as
418 3294 547 3353 appears,
557 3277 651 3335 Isuiah
662 3279 682 3335 1.
696 3284 722 3345 6,
742 3283 847 3338 Jcrem.
864 3283 902 3337 iii.
919 3289 943 3339 3.
980 3283 1094 3338 Tacitus
1110 3300 1172 3339 uses
1186 3301 1204 3338 a
1217 3283 1323 3340 similer

219 3366 389 3436 expression.

274 3455 291 3504 9
311 3447 354 3515 (3)
372 3447 398 3502 A
412 3450 489 3506 third
511 3451 696 3524 argumentis
712 3452 821 3523 usually
835 3451 930 3508 drawn
944 3453 1019 3509 from
1033 3453 1095 3509 that
1109 3452 1200 3508 which
1213 3453 1323 3508 follows

217 3532 248 3588 in
263 3532 298 3587 St
312 3533 456 3600 Mattheus,
478 3538 515 3591 Ye
529 3537 593 3592 hace
610 3539 695 3591 heard
711 3539 769 3591 thot
788 3539 810 3590 it
827 3539 892 3593 tort
913 3541 973 3594 hoen
991 3538 1061 3600 reid,
1080 3539 1156 3591 Thou
1174 3537 1245 3592 siclt
1267 3538 1323 3590 loce

218 3618 264 3688 thy
277 3617 430 3688 marrow,
447 3622 506 3674 cad
525 3621 671 3675 terethiae
690 3639 800 3693 enemyr
821 3623 880 3677 But
901 3624 923 3676 Ι
932 3641 981 3693 acy
998 3630 1064 3675 anto
1081 3639 1145 3692 you,
1166 3621 1237 3674 Loco
1248 3638 1322 3689 your

217 3702 414 3764 enemicablecs
433 3705 502 3759 them
522 3706 580 3759 thot
597 3708 880 3776 oaruyoradopood
901 3716 927 3761 to
948 3706 1089 3760 summac
1107 3708 1246 3775 tureyou,
1264 3707 1323 3760 aad

214 3806 289 3859 prop
301 3790 357 3858 sor
371 3791 440 3843 them
454 3790 512 3843 thot
525 3790 694 3862 despitesully
713 3807 759 3845 aare
769 3808 834 3860 you,
852 3793 911 3845 aad
925 3801 1057 3862 perstem
1068 3809 1133 3861 you.
1168 3789 1261 3845 There
1272 3808 1321 3846 are

219 3871 280 3927 who
298 3873 381 3929 think
400 3872 464 3929 that
483 3874 553 3930 such
572 3875 687 3929 loreto
707 3875 830 3930 enemies
850 3876 908 3930 and
928 3876 1074 3933 macilente
1093 3877 1118 3932 is
1139 3877 1323 3932 inconsistent

218 3957 288 4017 both
302 3959 370 4014 with
385 3960 489 4032 capital
502 3959 697 4031 punishmenta
711 3958 768 4014 and
782 3961 850 4016 with
867 3979 931 4017 war.

272 4045 330 4099 But
344 4045 400 4100 this
411 4045 435 4100 is
446 4045 533 4117 easily
545 4044 658 4100 refuted
670 4046 696 4100 ii
707 4062 747 4101 we
762 4047 891 4103 consider
903 4047 958 4103 this
970 4048 1131 4120 prereptos
1139 4048 1189 4103 the
1200 4047 1323 4103 Hebrew

217 4131 270 4186 law
281 4147 360 4187 more
371 4130 477 4202 nearly.
509 4130 571 4185 The
586 4130 719 4187 Hebrens
732 4148 804 4187 were
819 4132 1004 4189 commanded
1018 4135 1124 4190 tolose
1138 4134 1213 4189 their
1224 4134 1323 4205 neigh-

218 4215 299 4283 bour,
311 4216 375 4273 that
395 4216 427 4283 is,
448 4215 497 4271 the
511 4215 651 4282 Hebron
672 4217 718 4273 for
732 4234 763 4275 so
777 4217 827 4274 the
841 4220 918 4275 word
932 4220 1114 4292 ncipitourie
1132 4219 1213 4275 there
1228 4220 1323 4285 taken,

218 4317 249 4357 as
263 4319 304 4358 rra
318 4318 374 4369 see,
386 4301 477 4360 terit.
491 4301 549 4358 xix.
565 4304 609 4370 17,
630 4304 705 4360 Ttoa
719 4303 789 4361 siclt
800 4315 847 4362 act
858 4307 918 4364 huie
932 4307 978 4378 thy
992 4307 1097 4363 brother
1114 4305 1146 4361 in
1167 4307 1213 4376 ily
1232 4307 1321 4361 iteam
