2866 4906
269 181 335 247 366
515 192 568 249 DE
586 190 864 257 Acomsmonn
886 189 1135 258 nnulvmvn,
1249 187 1326 264 [lun
1337 192 1379 251 11.

269 374 340 440 qnae
367 352 399 418 in
428 352 523 420 dubio
552 353 709 419 eredendo.
735 351 776 420 sit
803 351 898 420 inisse
918 353 1064 421 voluntas
1090 352 1240 422 inuenti.
1295 356 1378 423 con-

268 453 404 518 sedimus
426 452 508 518 enim
539 452 666 539 plenum
698 451 867 519 dominium
900 475 968 520 esse
991 476 1088 542 penes
1113 476 1195 534 eum,
1223 455 1265 521 de
1287 455 1378 543 eujus

268 552 430 619 soluntnte
454 551 584 640 agimus.

344 653 366 716 2
401 651 465 717 Sed
492 672 561 717 oum
587 658 658 738 post
684 658 817 718 mortem
843 650 1012 718 dominium
1046 653 1106 719 hoo
1137 653 1278 721 retinere
1312 676 1376 722 non

267 749 373 837 possit,
403 758 436 817 et
469 750 593 816 omnino
626 772 684 838 pro
714 760 800 816 oerto
831 750 942 817 heberi
975 751 1099 830 debent,
1133 752 1268 819 noluisse
1304 776 1374 821 enm

268 850 401 936 perdere
418 849 556 916 beneficii
578 849 750 927 materiam,
769 848 938 917 videndum
959 851 1094 939 estquis
1110 850 1152 918 sit
1168 851 1201 918 in
1218 853 1376 921 benefieiis

101 949 232 1035 &4⁸⁴⁶
268 949 345 1015 ordo
368 949 502 1015 maxime
526 949 685 1016 naturalis.
732 950 820 1015 Bene
846 948 1051 1019 Aristoteles:
1076 946 1245 1042 erico-yion
1273 949 1376 1022 ἀντα-

268 1042 429 1117 ποὸοτέον
454 1042 552 1143 χάριν
567 1052 698 1127 μᾶλλον
721 1042 741 1130 ἢ
767 1045 890 1141 ἑταίρῳ
915 1041 1039 1120 dore'ou.
1087 1052 1209 1118 Potius
1225 1028 1273 1119 ieet
1289 1077 1373 1140 qra-

267 1150 351 1213 tiam
376 1151 495 1235 referri
522 1151 554 1216 ei
577 1151 636 1236 qni
661 1150 812 1232 beneficit,
845 1171 945 1235 quom
973 1152 1080 1217 amieo
1109 1154 1255 1236 conferre
1286 1154 1374 1220 bene

102 1249 383 1330 moerentum.
431 1250 475 1315 Et
492 1247 620 1315 Cieoro:
637 1250 779 1315 Nullum
790 1250 928 1334 officinm
943 1251 1115 1334 reserenda
1128 1253 1247 1335 qratia
1263 1256 1373 1339 manis

102 1358 251 1410 ”venel-³1·
264 1349 482 1415 neceesarium
497 1360 552 1414 est.
603 1349 704 1413 Item:
734 1349 815 1415 om
836 1350 901 1413 duo
920 1370 1041 1432 yeneno
1062 1350 1280 1418 liberalitatis
1294 1355 1372 1430 sint,

264 1469 366 1512 unum
381 1450 489 1513 dandi
511 1449 662 1531 beneficii,
685 1448 827 1513 alterum
849 1449 1009 1513 reddendi
1018 1472 1032 1523 ,·
1057 1451 1168 1515 demus
1190 1472 1249 1517 neo
1267 1473 1318 1528 no,
1336 1455 1374 1518 in

263 1559 378 1612 nostro
388 1559 549 1632 potestate
565 1559 611 1613 eet
620 1570 633 1621 ‚·
658 1569 722 1612 non
738 1548 872 1612 renidere
889 1548 969 1613 bono
984 1548 1057 1613 viro
1073 1570 1137 1614 non
1154 1549 1254 1615 lieet:
1277 1554 1372 1618 modo

102 1669 203 1719 enin.
263 1647 302 1709 iot
317 1648 435 1730 faeere
460 1647 564 1731 possit
592 1647 662 1711 eine
688 1646 823 1729 injurio.
874 1645 1075 1713 Ambrosius:
1109 1649 1297 1714 Pulchrum
1324 1664 1372 1717 eet

257 1747 501 1830 propensiores
527 1746 643 1810 naono·
667 1745 735 1829 ejus
758 1747 929 1821 rationem,
947 1748 1006 1832 qni
1026 1748 1089 1812 tibi
1105 1759 1166 1812 out
1183 1749 1372 1832 beneficium

262 1844 400 1929 aliquod
428 1855 490 1910 ant
517 1866 634 1909 mortus
660 1845 806 1910 eontulit.
858 1845 903 1910 Et
935 1867 1028 1912 mox:
1059 1848 1150 1926 Quid
1179 1849 1268 1913 enim
1299 1861 1371 1915 tam

263 1954 378 2008 oontro
394 1945 540 2031 officinm,
557 1965 657 2029 qnam
673 1965 737 2009 non
758 1945 892 2011 reddere
908 1947 994 2030 qnod
1010 1947 1204 2031 acceperis?
1254 1948 1372 2015 Gratis

261 2050 366 2107 autem
390 2042 528 2108 roiertur
552 2050 607 2108 sut
629 2041 813 2120 virentibus,
831 2046 904 2109 'sut
921 2043 1082 2110 deiunotis.
1134 2045 1310 2125 Defunetis‚
1333 2057 1370 2116 nt

97 2140 215 2237 2132&
262 2140 398 2209 ostendit
427 2140 541 2231 Lysias
567 2140 708 2207 oratione
734 2140 867 2221 funebri,
894 2142 1033 2208 refertur
1060 2142 1166 2233 gratis
1190 2144 1224 2210 in
1259 2168 1370 2215 eorum

260 2240 376 2320 liberis,
408 2241 461 2327 qui
492 2240 677 2307 naturaliter
706 2261 780 2327 pars
809 2250 882 2307 sunt
914 2250 1092 2328 parentum,
1126 2252 1160 2309 et
1185 2244 1311 2330 quibus,
1341 2246 1369 2313 si

261 2339 405 2407 viverent
420 2348 576 2428 parentes,
594 2338 727 2405 maxime
743 2338 860 2406 vellent
876 2341 1032 2406 benefieri.

96 2444 243 2531 idm*
335 2442 356 2505 3
390 2441 434 2506 Et
456 2439 536 2506 hano
562 2438 740 2525 aequitatem
762 2438 885 2525 sequuti
905 2447 978 2505 sunt
993 2440 1182 2507 Justinisnei
1194 2441 1277 2530 juris
1293 2466 1367 2510 oon-

95 2538 242 2623 mffi,
262 2538 388 2617 ditores,
426 2538 580 2625 aeqnitatis
611 2537 834 2614 studiosissimi,
866 2538 898 2603 in
930 2539 1101 2625 quaestione
1132 2540 1215 2607 inter
1249 2543 1368 2611 fratres

96 2626 247 2714 bisam,
261 2638 377 2725 plenos,
407 2647 441 2704 et
473 2637 725 2726 consanguineos,
759 2646 792 2703 et
823 2637 970 2715 uterinos,
1000 2647 1033 2704 et
1066 2638 1135 2706 aliis
1167 2640 1365 2727 quibusdem.

94 2720 216 2804 itti-itt·

93 2810 229 2896 sagma
259 2823 326 2881 errius
341 2823 420 2886 efficit,
435 2828 462 2870 ut
477 2824 505 2868 id
518 2836 564 2868 non
581 2820 703 2868 landabile
718 2822 786 2868 nodo
836 2825 1366 2885 nostratorquenne,qunrnnbi,renotientt-

93 2901 242 2944 undecennes
257 2899 299 2959 eit]
317 2899 447 2945 Seneoede
459 2897 657 2957 Beneficiielibro
670 2910 703 2942 rr.
715 2911 735 2942 o.
748 2900 784 2944 11.
835 2894 949 2954 iitntitue,
976 2897 1051 2943 solum
1072 2903 1127 2945 ante
1145 2899 1226 2945 oneror
1245 2900 1365 2948 bomin·

93 2947 208 2994 mm·
261 2974 327 3033 outo
336 2987 387 3019 cum
398 2974 448 3031 ερω
463 2972 519 3017 nn
532 2971 618 3028 influe
632 2970 784 3027 cosentinus,
834 2970 919 3017 nno?

256 3063 308 3095 cnm
323 3051 480 3093 testamentum
496 3046 641 3101 ordinemne,
656 3058 702 3090 non
717 3046 783 3092 bene-
878 3055 888 3080 ⁸
901 3046 951 3093 Aut
959 3046 1087 3109 defisnetu]
1104 3047 1143 3095 sto
1154 3049 1288 3097 moriturus
1296 3052 1364 3112 opud

250 3123 314 3183 stein
329 3122 397 3167 nobie
415 3120 477 3167 nibil
487 3120 621 3180 profutura
636 3119 784 3167 dividimus!
833 3120 977 3183 Procopium
989 3125 1059 3171 Pers.
1070 3138 1088 3170 1.
1098 3125 1134 3170 on*
1143 3126 1232 3171 παιδία
1244 3127 1363 3188 ὠφελῶν,

256 3202 368 3259 quantum
378 3196 489 3256 temporie
503 3195 653 3255 eonsumitur,
669 3195 783 3254 quorndin
833 3194 974 3256 ὠφελήσαις
990 3197 1045 3256 ἐμέ·
1068 3198 1100 3245 In
1114 3213 1150 3245 me
1166 3200 1273 3259 conferes
1289 3202 1363 3262 quid·

255 3278 342 3319 secreto
359 3272 448 3332 aqsnr,
464 3275 584 3331 quantun,
600 3275 622 3316 et
637 3270 722 3329 quibus
741 3270 782 3316 de-
831 3272 1229 3331 quidinliberorneoroontnlerie.
1240 3276 1363 3338 (Cerni).

255 3347 327 3394 nus?
343 3347 403 3407 quid
411 3347 471 3394 enirn
482 3346 575 3392 interest
582 3346 666 3404 quibus
676 3345 755 3391 demta
765 3359 782 3390 a
833 3345 896 3393 Vide
906 3349 1041 3408 exemplum
1051 3349 1076 3394 in
1090 3350 1155 3396 isoto
1169 3350 1310 3410 Theodosii,
1318 3367 1361 3412 ps·

255 3421 320 3467 nnllo
339 3419 475 3481 recepturi?
499 3419 574 3479 Atqui
590 3432 709 3479 nunquam
723 3419 782 3465 diii·
832 3424 893 3466 trem
904 3421 1067 3467 Valentiniani
1079 3423 1183 3482 junioris
1198 3425 1224 3469 in
1239 3425 1294 3485 ipso
1310 3427 1360 3473 Vs·

254 3497 346 3556 sentius
361 3496 452 3555 domus,
466 3508 585 3556 nunquam
599 3491 782 3553 montejudiein
831 3493 963 3542 lentinisno
973 3498 1154 3555 remunerantis,
1164 3499 1230 3559 epod
1236 3500 1361 3547 zosimum

254 3766 303 3804 ere
318 3766 335 3803 n
349 3754 414 3820 pert
428 3750 461 3805 oi
473 3750 568 3817 thom3
583 3752 640 3807 end
655 3752 746 3808 whom
761 3754 787 3808 ii
797 3753 866 3827 they
880 3771 953 3811 wore
967 3755 1041 3811 olive
1055 3755 1124 3829 they
1139 3755 1233 3813 would
1244 3758 1315 3814 wish
1329 3764 1361 3816 to

254 3834 326 3889 heve
337 3835 488 3890 benefitod,
521 3838 576 3892 Soo
590 3840 697 3910 Lysias.

312 3926 329 3975 3
354 3920 420 3973 And
434 3920 489 3975 this
502 3925 598 3994 equity
612 3924 663 3980 hus
682 3925 756 3981 beon
770 3926 936 3997 recognized
951 3927 990 3999 by
1004 3926 1053 3983 the
1068 3927 1176 3983 onroiul
1190 3929 1313 3985 fremere
1329 3931 1365 3987 of

252 4005 416 4062 Justinian’s
433 4006 512 4064 eodo.
527 4009 557 4060 in
571 4009 621 4063 the
635 4012 764 4079 question
778 4012 905 4066 between
922 4013 976 4067 iuli
991 4013 1130 4079 brothers,
1150 4015 1207 4069 end
1225 4015 1361 4074 brothers

252 4094 290 4165 by
302 4093 351 4148 tho
369 4091 485 4146 fathers
502 4093 571 4157 sido,
589 4096 647 4148 end
664 4096 702 4167 by
721 4097 770 4153 the
788 4098 937 4163 mothors3
952 4100 1008 4153 end
1027 4100 1057 4153 in
1075 4116 1153 4155 some
1171 4100 1254 4155 other
1268 4118 1359 4160 esses

252 4180 307 4234 See
322 4179 471 4233 Aristotloe
487 4178 617 4234 Valerius
634 4181 781 4237 Maximus.
817 4185 851 4238 In
866 4185 961 4239 Justin
975 4186 998 4239 it
1013 4186 1035 4240 is
1050 4186 1140 4241 called
1151 4187 1270 4257 novitium
1285 4206 1361 4244 eom·

251 4284 331 4320 mono
337 4268 384 4338 jns
396 4266 442 4319 ior
452 4265 570 4320 brother
582 4272 611 4320 to
622 4268 740 4322 suoooed
756 4275 785 4323 to
800 4269 923 4325 brother.

305 4359 322 4405 4
348 4352 441 4406 When
455 4351 491 4407 he
505 4352 529 4407 Is
544 4358 595 4406 not
608 4358 639 4407 to
654 4352 689 4408 be
704 4354 792 4409 found
803 4355 878 4411 from
892 4357 984 4412 whom
995 4357 1046 4414 the
1056 4364 1191 4432 property
1201 4375 1292 4426 mmo,
1303 4378 1362 4419 nor
