2866 4906
218 215 283 280 268
373 223 426 277 DE
448 219 724 286 ACQUISITIONE
748 216 980 274 ORIGINARIA
1000 218 1149 281 RERUM,
1191 215 1264 282 [Lm.
1276 217 1315 272 11.

49 412 173 454 niuosis
215 388 296 464 dem,
322 394 513 452 memorante
530 392 697 470 utrumque
711 382 874 471 Polybio:
894 391 926 449 et
948 384 1031 469 quod
1052 384 1086 448 in
1111 384 1316 471 Hellesponto

46 507 172 557 peona.
214 486 287 551 olim
308 485 515 551 Athenienses
537 484 661 549 eosdem
683 482 824 570 exegisse
845 484 981 548 ostendit
1004 483 1263 549 mDemosthenes
1283 484 1317 548 in

215 584 378 672 Leptinen,
394 606 450 649 suo
472 591 577 649 autem
592 593 732 668 tempore
748 583 907 648 Romanos
925 582 1136 669 Imperatores
1151 581 1185 647 in
1201 603 1318 649 aroana

214 683 345 750 historia
361 690 514 748 memorat
528 680 706 767 Procopius.

291 783 365 849 XV.
413 784 432 845 1
466 779 673 845 Inveniuntur
699 779 844 866 exempla
868 779 1030 862 foederum,
1057 779 1168 865 quibus
1184 780 1318 867 populus

216 880 300 948 alter
320 878 413 946 alteri
434 878 548 966 populo
568 899 603 943 se
623 876 802 965 obstringit,
828 899 869 943 ne
894 878 979 943 ultra
1005 887 1125 944 eertum
1149 879 1317 944 terminum

215 979 352 1067 naviget.
404 976 456 1044 Sio
481 976 564 1042 inter
587 997 679 1063 reges
706 975 826 1041 aoooles
853 975 943 1042 rubri
966 977 1061 1042 maris
1086 986 1119 1042 et
1143 977 1319 1066 AEgyptios

216 1083 404 1144 convenerat
426 1074 510 1151 olim,
537 1095 578 1140 ne
601 1074 752 1162 AEgyptii
774 1073 808 1138 in
832 1073 866 1140 id
888 1097 974 1140 mare
990 1075 1133 1141 venirent
1155 1075 1220 1141 ulla
1244 1075 1319 1142 navi

215 1177 318 1264 ionga,
345 1173 491 1241 oneraria
506 1195 570 1238 non
586 1173 656 1261 plus
671 1194 743 1239 una.
796 1172 848 1239 Sio
870 1173 954 1239 inter
968 1174 1174 1240 Athenienses
1190 1182 1224 1240 et
1240 1176 1319 1241 Per·-

215 1297 266 1341 sas
280 1273 439 1340 ¹¹Cimonis
466 1280 559 1338 atate
587 1271 759 1358 placuerat,
784 1293 825 1336 ne
849 1292 913 1357 qua
936 1272 1026 1338 naris
1048 1272 1173 1338 Medica
1196 1283 1320 1339 armata

214 1375 299 1441 intra
328 1374 472 1462 Cyaneae
498 1378 532 1437 et
559 1369 745 1436 Chelidonia
772 1369 959 1458 navigarem
994 1371 1079 1436 intra
1111 1371 1256 1459 Cyaneas
1284 1381 1320 1439 et

214 1545 742 1608 MeminitByzsntiniveotlgulieHerodiunne
791 1545 950 1605 repetiimus,
958 1546 1105 1594 nobilissima
1110 1561 1171 1607 pat,
1180 1548 1320 1607 Pluteroho,

216 1623 311 1669 Severo.
327 1621 394 1679 (Lib.
406 1633 446 1666 ιιι.
457 1634 480 1668 e.
489 1620 521 1679 i.)
540 1620 679 1679 Procopius,
688 1624 741 1666 tum
792 1632 841 1679 qus
851 1623 876 1666 et
885 1619 931 1666 hoe
941 1625 1093 1677 convenerat,
1102 1625 1131 1667 ut
1139 1622 1220 1669 Peren
1229 1635 1246 1667 a
1259 1624 1320 1669 mari

214 1696 241 1741 in
250 1695 350 1756 vulgata
358 1694 445 1740 tnmin
458 1693 660 1750 aroanahistoria,
674 1694 743 1752 (oap.
792 1697 888 1739 tantum
925 1695 997 1754 spatii
1028 1695 1171 1743 ebehtem
1201 1679 1320 1757 quantuni

216 1772 257 1829 25)
273 1770 346 1816 etim
360 1769 448 1816 veteris
461 1768 586 1828 vectigalis
605 1768 630 1814 iu
646 1768 743 1814 Helles-
792 1767 868 1814 ferrer
884 1769 941 1827 equi
955 1782 1048 1825 eumue,
1066 1770 1091 1815 id
1111 1775 1157 1826 eet,
1172 1783 1217 1818 xn.
1234 1771 1322 1819 stadia.

216 1851 292 1905 ponto
307 1843 424 1899 meminit,
439 1843 494 1888 nori
513 1847 594 1888 autem
611 1841 642 1887 ad
662 1842 743 1887 faueas
793 1841 907 1889 Meminit
930 1847 956 1889 et
981 1844 1101 1890 Isocrates
1130 1844 1321 1893 Panatbeauioo.

217 1917 383 1965 marieEnxini
394 1917 453 1964 etin
464 1917 527 1963 freto
537 1915 678 1976 Byzantino.
693 1915 743 1976 By-
795 1913 887 1976 [Locus
902 1920 939 1962 eet
953 1930 1011 1976 pag.
1026 1919 1105 1965 2442.
1122 1917 1172 1965 Ed.
1189 1919 1223 1964 H.
1239 1919 1323 1979 Stepb.

218 1993 309 2039 mutini
319 1992 466 2038 exactionem
476 1990 550 2036 inisse
559 1990 590 2035 ad
599 1989 675 2035 aedem
685 1988 743 2034 Ble-
795 1988 842 2034 Sed
862 1987 956 2036 Anetor
975 1995 1058 2037 noster
1077 1991 1138 2039 dixit
1158 1991 1322 2053 quadrarint«

216 2064 603 2124 charnisnam,Hellespontisoum
611 2063 692 2124 Abydi
701 2064 744 2109 do·
793 2063 883 2121 stadio,
892 2077 938 2124 pro
947 2065 1142 2126 quadringentis:
1154 2080 1209 2113 uem
1219 2068 1321 2114 totidem

218 2148 258 2188 eet
266 2142 434 2201 Theophanen.
465 2139 546 2200 Abydi
555 2139 615 2185 illud
627 2139 743 2185 ‹tenerrr-
795 2138 1024 2185 consuetissimo
1033 2139 1129 2199 δρόμος,
1138 2141 1323 2201 utexponitura

216 2215 311 2274 eripior,
330 2215 355 2261 id
375 2220 420 2272 est,
439 2214 618 2275 veodgatarium
639 2214 744 2270 docimo,
795 2211 1322 2274 Plutarcho,peg.49].rerpuxoeimum.

218 2295 289 2337 voest
303 2290 422 2353 Agathino
435 2289 497 2335 libro
506 2304 529 2336 v.
540 2288 605 2350 (esp.
615 2287 642 2347 b)
658 2288 745 2337 minuit
795 2287 942 2335 dtoevirrde.
971 2287 1230 2349 Etreeipsaolsmatr
1245 2293 1322 2351 qnad-

218 2367 244 2412 id
259 2367 337 2413 Irene.
368 2365 502 2411 immanuel
513 2364 650 2411 comnenus
663 2365 745 2423 Impe·
795 2363 891 2423 reginta
910 2362 973 2409 enim
993 2364 1070 2409 stadia
1084 2365 1213 2413 conficiunt
1226 2371 1321 2414 nutum

219 2444 286 2486 rator
312 2439 462 2486 monasteriis
485 2440 605 2500 aliquibus
629 2439 746 2486 consessit
795 2451 870 2483 unum
889 2437 994 2483 milliare
1012 2437 1120 2497 vulgare,
1140 2452 1183 2485 eeu
1199 2444 1238 2486 ter
1256 2441 1323 2488 mille

219 2513 346 2562 θαλάσσια
365 2514 455 2570 δίκαια,
481 2514 624 2560 obventiones
643 2528 656 2559 e
675 2512 745 2559 mari.
796 2525 909 2571 passuum
926 2512 1139 2570 Geometrioorum,
1154 2528 1210 2561 cum
1229 2516 1323 2562 duabus

219 2590 299 2636 Dooet
318 2590 430 2636 Baleemo
447 2591 473 2634 in
494 2589 595 2635 Consilii
612 2588 745 2636 Chalcedo-
796 2586 888 2632 tertiis:
911 2587 964 2646 quis
979 2592 1059 2633 entem
1076 2588 1168 2647 Equus,
1185 2603 1229 2648 per
1248 2604 1322 2637 unum

220 2664 300 2710 nensis
309 2677 425 2710 canonem
435 2674 471 2710 rr.
481 2667 507 2709 et
517 2662 606 2723 Synodi
615 2674 662 2708 vn.
672 2676 745 2708 eeno-
797 2660 868 2717 diem,
877 2674 924 2705 non
937 2661 1010 2720 longe
1022 2662 1100 2722 majus
1110 2663 1213 2723 epatium
1230 2665 1323 2713 itineris

219 2752 274 2786 nem
285 2751 335 2784 xri.
796 2735 948 2781 absolveret?
978 2736 1323 2790 vidiosissimum.

264 2822 282 2846 ω
296 2813 462 2859 Demoetbem
481 2811 507 2856 in
525 2808 650 2870 Leptinen]
677 2810 745 2856 Idem
797 2809 992 2871 seruumque.
1000 2826 1055 2873 pag.
1064 2815 1137 2859 titis.
1149 2814 1322 2864 Dromsmun.

219 2888 307 2934 ibidem
318 2885 542 2946 aeeeptaByzantlo
553 2885 662 2930 dominos
674 2885 746 2930 muris
797 2885 851 2931 Lib.
866 2899 915 2931 nn.
932 2900 983 2945 cap.
999 2889 1021 2933 4.
1036 2891 1062 2933 et
1076 2888 1195 2936 Aureum.
1213 2889 1281 2938 Orat.
1298 2892 1324 2937 ia

219 2961 297 3007 iactos
306 2961 341 3005 ait
351 2959 519 3006 Athenienses.
544 2958 661 3017 Ulpianus
671 2958 746 3004 Soho·
797 2957 890 3005 laudem
902 2961 970 3007 Itom-
983 2963 1067 3020 p.349.
1083 2963 1153 3010 Tom.
1164 2977 1183 3009 1.
1199 2965 1274 3010 Aliud
1284 2972 1323 3011 est

219 3036 301 3080 liaetee
316 3035 418 3079 solutum
433 3032 467 3078 ibi
480 3032 515 3078 ait
532 3032 655 3078 decimum.
672 3031 744 3093 (Pug.
798 3033 913 3091 tressis,
938 3036 968 3081 de
995 3049 1044 3095 quo
1065 3036 1122 3083 alibi
1141 3037 1322 3095 Pnursncuus,

221 3112 265 3176 134
275 3122 298 3155 o.
309 3108 379 3153 Tom.
389 3120 420 3154 11.
429 3106 480 3152 Ed.
489 3106 569 3151 Basil.
579 3104 661 3162 1572).
801 3107 848 3156 Vit.
859 3108 939 3154 Solon.
948 3122 1004 3169 pag.
1012 3111 1041 3157 91
1053 3122 1076 3157 c.
1092 3110 1200 3156 nimirum
1210 3112 1323 3170 epatium,

265 3191 277 3216 ¹²
294 3180 398 3229 Cinwnie
406 3180 483 3241 etate]
500 3180 558 3226 Heeo
568 3186 605 3226 eet
615 3180 656 3225 ilia
665 3177 747 3240 «ipsivs
797 3181 863 3240 quod
882 3182 996 3228 emetitur
1010 3183 1094 3242 Equus
1108 3184 1133 3229 in
1148 3184 1283 3245 Agonibus,
1298 3187 1326 3234 et

221 3434 312 3489 lerIed
322 3434 361 3504 by
376 3434 425 3489 the
439 3434 606 3505 Byzantiuee
620 3434 650 3486 in
664 3431 739 3488 their
753 3449 816 3496 ωας
831 3431 888 3484 and
904 3431 985 3485 those
1000 3430 1088 3485 which
1104 3429 1154 3484 the
1167 3427 1324 3483 Atheniens

221 3521 311 3574 levied
323 3521 352 3571 in
361 3519 409 3573 the
418 3535 495 3573 same
507 3536 555 3573 sea
564 3518 644 3572 when
656 3517 725 3589 they
733 3517 869 3588 ooonpied
880 3515 1073 3587 Chrysopolis:
1090 3513 1158 3581 [See
1164 3511 1324 3584 Polybius]

222 3604 278 3657 and
297 3602 371 3656 what
392 3603 441 3657 the
460 3602 614 3657 Athenione
635 3603 770 3675 formerly
786 3601 843 3656 had
864 3601 955 3655 lesied
976 3601 1005 3653 in
1026 3600 1075 3654 the
1097 3599 1273 3670 Hellespont,
1293 3615 1324 3653 as

222 3687 426 3742 Demosthenes
438 3686 541 3751 shews3
556 3688 612 3741 and
624 3687 672 3742 tho
682 3690 793 3742 Romen
805 3702 956 3757 emperors,
968 3702 999 3740 as
1009 3685 1164 3756 Procopius
1176 3685 1325 3749 montione,

222 3774 253 3827 iu
267 3772 310 3825 his
324 3771 401 3825 timo.

277 3857 342 3910 XV.
389 3863 403 3910 1
429 3856 522 3912 There
540 3875 589 3913 are
609 3859 751 3930 oxamplee
775 3859 808 3912 oi
827 3857 943 3912 treeties
966 3856 1004 3927 by
1029 3853 1120 3910 whioh
1141 3871 1196 3910 one
1222 3854 1326 3926 people

223 3942 320 3995 bound
334 3941 415 3995 itself
432 3949 462 3995 to
482 3943 603 3998 another
623 3951 721 3998 netto
740 3944 871 4013 navigate
891 3941 1002 4014 beyond
1017 3941 1124 3996 certain
1143 3940 1323 3995 boundaries.

224 4027 303 4082 Thus
315 4026 363 4081 the
378 4026 459 4096 hingo
471 4027 505 4080 of
517 4027 566 4082 the
580 4031 677 4098 region
689 4045 726 4082 on
741 4028 790 4083 the
801 4029 865 4082 Red
879 4029 942 4091 Soa,
955 4027 1011 4080 and
1026 4026 1076 4081 tho
1090 4026 1255 4097 Egyptians,
1269 4023 1326 4078 had

223 4127 241 4166 a
255 4112 423 4168 convention
438 4111 500 4164 that
516 4111 565 4167 the
584 4114 738 4184 Egyptians
754 4113 855 4168 should
868 4118 919 4166 not
934 4128 1013 4166 eome
1028 4128 1106 4182 upon
1119 4111 1183 4166 that
1197 4126 1246 4165 sea
1258 4109 1326 4162 nith

223 4215 280 4270 any
299 4198 362 4269 ship
381 4196 414 4251 of
428 4212 493 4258 war,
508 4213 562 4250 nor
577 4199 644 4253 with
665 4216 745 4254 moro
759 4199 829 4254 thau
849 4215 903 4253 ono
917 4196 1175 4251 merchant-resset
1223 4196 1262 4249 So
1277 4194 1328 4248 the

223 4285 379 4339 Atheniens
393 4283 450 4336 and
468 4283 599 4336 Persians
614 4288 644 4336 at
658 4284 707 4338 the
726 4285 795 4339 time
809 4284 843 4338 of
854 4284 955 4338 Cimon
975 4281 1078 4352 agreed
1093 4281 1157 4336 that
1170 4296 1208 4334 no
1228 4278 1329 4334 armed

223 4370 338 4425 Medion
352 4369 415 4442 ehip
427 4366 528 4425 should
541 4369 594 4425 soil
608 4367 706 4422 within
719 4367 769 4424 the
784 4368 917 4441 warenn
930 4367 987 4422 aud
1004 4366 1190 4422 Chelidonium
1203 4365 1331 4430 islands;
