<?xml version="1.0" encoding="UTF-8"?>
<!DOCTYPE html PUBLIC "-//W3C//DTD XHTML 1.0 Transitional//EN"
    "http://www.w3.org/TR/xhtml1/DTD/xhtml1-transitional.dtd">
<html xmlns="http://www.w3.org/1999/xhtml" xml:lang="en" lang="en">
 <head>
  <title>
</title>
<meta http-equiv="Content-Type" content="text/html;charset=utf-8" />
  <meta name='ocr-system' content='tesseract 3.04.00' />
  <meta name='ocr-capabilities' content='ocr_page ocr_carea ocr_par ocr_line ocrx_word'/>
</head>
<body>
  <div class='ocr_page' id='page_1' title='image "./hugonisgrotiide00barbgoog_0319.png"; bbox 0 0 2866 4906; ppageno 0'>
   <div class='ocr_carea' id='block_1_1' title="bbox 243 196 1341 275">
    <p class='ocr_par' dir='ltr' id='par_1_1' title="bbox 243 196 1341 275">
     <span class='ocr_line' id='line_1_1' title="bbox 243 196 1341 275; baseline 0 -10"><span class='ocrx_word' id='word_1_1' title='bbox 243 196 307 265; x_wconf 75' lang='lat'><strong>248</strong></span> <span class='ocrx_word' id='word_1_2' title='bbox 534 202 587 261; x_wconf 81' lang='lat' dir='ltr'><strong>ma</strong></span> <span class='ocrx_word' id='word_1_3' title='bbox 609 204 683 271; x_wconf 81' lang='lat' dir='ltr'><strong>urs,</strong></span> <span class='ocrx_word' id='word_1_4' title='bbox 707 205 797 270; x_wconf 77' lang='lat' dir='ltr'><strong>Qun</strong></span> <span class='ocrx_word' id='word_1_5' title='bbox 820 203 1040 261; x_wconf 73' lang='lat' dir='ltr'><strong>noeumane</strong></span> <span class='ocrx_word' id='word_1_6' title='bbox 1214 205 1287 275; x_wconf 76' lang='lat' dir='ltr'><strong>[nn.</strong></span> <span class='ocrx_word' id='word_1_7' title='bbox 1301 209 1341 265; x_wconf 86' lang='grc' dir='ltr'><strong>ιι.</strong></span> 
     </span>
    </p>
   </div>
   <div class='ocr_carea' id='block_1_2' title="bbox 80 366 1348 1945">
    <p class='ocr_par' dir='ltr' id='par_1_2' title="bbox 243 366 1345 558">
     <span class='ocr_line' id='line_1_2' title="bbox 244 366 1345 460; baseline -0.002 -20"><span class='ocrx_word' id='word_1_8' title='bbox 244 374 297 440; x_wconf 85' lang='lat' dir='ltr'><strong>Sic</strong></span> <span class='ocrx_word' id='word_1_9' title='bbox 318 395 376 440; x_wconf 89' lang='lat' dir='ltr'><strong>nec</strong></span> <span class='ocrx_word' id='word_1_10' title='bbox 395 371 551 460; x_wconf 86' lang='lat' dir='ltr'><strong>capitatio,</strong></span> <span class='ocrx_word' id='word_1_11' title='bbox 572 366 690 437; x_wconf 78' lang='lat' dir='ltr'><strong>civibus</strong></span> <span class='ocrx_word' id='word_1_12' title='bbox 709 368 854 458; x_wconf 86' lang='lat' dir='ltr'><strong>imposita</strong></span> <span class='ocrx_word' id='word_1_13' title='bbox 874 369 915 435; x_wconf 90' lang='lat' dir='ltr'><strong>ad</strong></span> <span class='ocrx_word' id='word_1_14' title='bbox 939 369 1141 436; x_wconf 85' lang='lat' dir='ltr'><strong>sustentanda</strong></span> <span class='ocrx_word' id='word_1_15' title='bbox 1164 369 1345 458; x_wconf 69' lang='lat' dir='ltr'><strong>reipublicae</strong></span> 
     </span>
     <span class='ocr_line' id='line_1_3' title="bbox 243 469 1017 558; baseline -0.005 -19"><span class='ocrx_word' id='word_1_16' title='bbox 243 494 349 553; x_wconf 88' lang='lat' dir='ltr'><strong>onera,</strong></span> <span class='ocrx_word' id='word_1_17' title='bbox 368 475 408 538; x_wconf 94' lang='lat' dir='ltr'><strong>ab</strong></span> <span class='ocrx_word' id='word_1_18' title='bbox 425 472 542 537; x_wconf 85' lang='lat' dir='ltr'><strong>exteris</strong></span> <span class='ocrx_word' id='word_1_19' title='bbox 558 470 789 537; x_wconf 86' lang='lat' dir='ltr'><strong>transeuntibus</strong></span> <span class='ocrx_word' id='word_1_20' title='bbox 805 469 889 558; x_wconf 87' lang='lat' dir='ltr'><strong>exigi</strong></span> <span class='ocrx_word' id='word_1_21' title='bbox 905 477 1017 556; x_wconf 89' lang='lat' dir='ltr'><strong>potest.</strong></span> 
     </span>
    </p>

    <p class='ocr_par' dir='ltr' id='par_1_3' title="bbox 243 567 1347 952">
     <span class='ocr_line' id='line_1_4' title="bbox 317 567 1347 657; baseline 0.001 -20"><span class='ocrx_word' id='word_1_22' title='bbox 317 575 338 637; x_wconf 85' lang='lat'>2</span> <span class='ocrx_word' id='word_1_23' title='bbox 373 572 437 637; x_wconf 90' lang='lat' dir='ltr'><strong>Sed</strong></span> <span class='ocrx_word' id='word_1_24' title='bbox 461 570 488 635; x_wconf 92' lang='lat' dir='ltr'><strong>si</strong></span> <span class='ocrx_word' id='word_1_25' title='bbox 509 571 626 636; x_wconf 84' lang='lat' dir='ltr'><strong>autad</strong></span> <span class='ocrx_word' id='word_1_26' title='bbox 648 569 857 657; x_wconf 75' lang='lat' dir='ltr'><strong>praestandam</strong></span> <span class='ocrx_word' id='word_1_27' title='bbox 878 568 1076 635; x_wconf 80' lang='lat' dir='ltr'><strong>securitatem</strong></span> <span class='ocrx_word' id='word_1_28' title='bbox 1101 567 1266 647; x_wconf 79' lang='lat' dir='ltr'><strong>mercibus,</strong></span> <span class='ocrx_word' id='word_1_29' title='bbox 1289 579 1347 639; x_wconf 89' lang='lat' dir='ltr'><strong>aut</strong></span> 
     </span>
     <span class='ocr_line' id='line_1_5' title="bbox 243 666 1346 757; baseline -0.002 -20"><span class='ocrx_word' id='word_1_30' title='bbox 243 670 326 737; x_wconf 89' lang='lat' dir='ltr'><strong>inter</strong></span> <span class='ocrx_word' id='word_1_31' title='bbox 347 680 452 736; x_wconf 86' lang='lat' dir='ltr'><strong>cetera</strong></span> <span class='ocrx_word' id='word_1_32' title='bbox 473 669 568 735; x_wconf 88' lang='lat' dir='ltr'><strong>etiam</strong></span> <span class='ocrx_word' id='word_1_33' title='bbox 589 669 628 733; x_wconf 94' lang='lat' dir='ltr'><strong>ob</strong></span> <span class='ocrx_word' id='word_1_34' title='bbox 647 670 707 734; x_wconf 93' lang='lat' dir='ltr'><strong>hoc</strong></span> <span class='ocrx_word' id='word_1_35' title='bbox 732 690 827 733; x_wconf 87' lang='lat' dir='ltr'><strong>onera</strong></span> <span class='ocrx_word' id='word_1_36' title='bbox 852 666 1052 744; x_wconf 77' lang='lat' dir='ltr'><strong>sustinentur,</strong></span> <span class='ocrx_word' id='word_1_37' title='bbox 1078 669 1119 734; x_wconf 86' lang='lat' dir='ltr'><strong>ad</strong></span> <span class='ocrx_word' id='word_1_38' title='bbox 1141 690 1180 734; x_wconf 92' lang='lat' dir='ltr'><strong>ea</strong></span> <span class='ocrx_word' id='word_1_39' title='bbox 1200 691 1346 757; x_wconf 85' lang='lat' dir='ltr'><strong>compen-</strong></span> 
     </span>
     <span class='ocr_line' id='line_1_6' title="bbox 244 767 1346 857; baseline -0.001 -21"><span class='ocrx_word' id='word_1_40' title='bbox 244 771 343 836; x_wconf 90' lang='lat' dir='ltr'><strong>sanda</strong></span> <span class='ocrx_word' id='word_1_41' title='bbox 370 769 504 857; x_wconf 82' lang='lat' dir='ltr'><strong>vectigal</strong></span> <span class='ocrx_word' id='word_1_42' title='bbox 527 767 653 854; x_wconf 88' lang='lat' dir='ltr'><strong>aliquod</strong></span> <span class='ocrx_word' id='word_1_43' title='bbox 676 767 792 854; x_wconf 92' lang='lat' dir='ltr'><strong>imponi</strong></span> <span class='ocrx_word' id='word_1_44' title='bbox 818 767 971 832; x_wconf 83' lang='lat' dir='ltr'><strong>mercibus</strong></span> <span class='ocrx_word' id='word_1_45' title='bbox 994 776 1106 853; x_wconf 88' lang='lat' dir='ltr'><strong>potest,</strong></span> <span class='ocrx_word' id='word_1_46' title='bbox 1133 767 1207 833; x_wconf 91' lang='lat' dir='ltr'><strong>dnm</strong></span> <span class='ocrx_word' id='word_1_47' title='bbox 1235 770 1346 835; x_wconf 89' lang='lat' dir='ltr'><strong>modus</strong></span> 
     </span>
     <span class='ocr_line' id='line_1_7' title="bbox 245 864 1346 952; baseline -0.001 -17"><span class='ocrx_word' id='word_1_48' title='bbox 245 891 346 936; x_wconf 86' lang='lat' dir='ltr'><strong>causae</strong></span> <span class='ocrx_word' id='word_1_49' title='bbox 368 889 431 934; x_wconf 94' lang='lat' dir='ltr'><strong>non</strong></span> <span class='ocrx_word' id='word_1_50' title='bbox 447 867 624 933; x_wconf 73' lang='lat' dir='ltr'><strong>excedatur.</strong></span> <span class='ocrx_word' id='word_1_51' title='bbox 665 866 766 931; x_wconf 65' lang='lat' dir='ltr'><strong>qlnde</strong></span> <span class='ocrx_word' id='word_1_52' title='bbox 788 864 870 930; x_wconf 90' lang='lat' dir='ltr'><strong>enim</strong></span> <span class='ocrx_word' id='word_1_53' title='bbox 891 865 1007 952; x_wconf 86' lang='lat' dir='ltr'><strong>pendet</strong></span> <span class='ocrx_word' id='word_1_54' title='bbox 1021 865 1152 951; x_wconf 88' lang='lat' dir='ltr'><strong>justitia,</strong></span> <span class='ocrx_word' id='word_1_55' title='bbox 1176 876 1213 933; x_wconf 98' lang='grc' dir='ltr'><strong>ιιι</strong></span> <span class='ocrx_word' id='word_1_56' title='bbox 1234 868 1346 934; x_wconf 88' lang='lat' dir='ltr'><strong>tributi</strong></span> 
     </span>
    </p>

    <p class='ocr_par' dir='ltr' id='par_1_4' title="bbox 80 963 1348 1945">
     <span class='ocr_line' id='line_1_8' title="bbox 82 963 1346 1055; baseline -0.001 -20"><span class='ocrx_word' id='word_1_57' title='bbox 82 986 216 1036; x_wconf 58' lang='lat' dir='ltr'><strong>tuus-u</strong></span> <span class='ocrx_word' id='word_1_58' title='bbox 244 967 290 1034; x_wconf 86' lang='lat' dir='ltr'><strong>ita</strong></span> <span class='ocrx_word' id='word_1_59' title='bbox 309 978 342 1033; x_wconf 94' lang='lat' dir='ltr'><strong>et</strong></span> <span class='ocrx_word' id='word_1_60' title='bbox 363 966 532 1055; x_wconf 84' lang='lat' dir='ltr'><strong>vectigalis.</strong></span> <span class='ocrx_word' id='word_1_61' title='bbox 572 965 622 1032; x_wconf 85' lang='lat' dir='ltr'><strong>Sic</strong></span> <span class='ocrx_word' id='word_1_62' title='bbox 639 963 773 1053; x_wconf 82' lang='lat' dir='ltr'><strong>vectigal</strong></span> <span class='ocrx_word' id='word_1_63' title='bbox 789 986 939 1050; x_wconf 89' lang='lat' dir='ltr'><strong>equorum</strong></span> <span class='ocrx_word' id='word_1_64' title='bbox 961 973 994 1030; x_wconf 90' lang='lat' dir='ltr'><strong>et</strong></span> <span class='ocrx_word' id='word_1_65' title='bbox 1010 964 1084 1042; x_wconf 90' lang='lat' dir='ltr'><strong>neti,</strong></span> <span class='ocrx_word' id='word_1_66' title='bbox 1103 987 1173 1051; x_wconf 86' lang='lat' dir='ltr'><strong>qnae</strong></span> <span class='ocrx_word' id='word_1_67' title='bbox 1190 966 1346 1033; x_wconf 88' lang='lat' dir='ltr'><strong>Isthmum</strong></span> 
     </span>
     <span class='ocr_line' id='line_1_9' title="bbox 246 1064 1346 1154; baseline -0.001 -21"><span class='ocrx_word' id='word_1_68' title='bbox 246 1067 410 1154; x_wconf 79' lang='lat' dir='ltr'><strong>Syriacum</strong></span> <span class='ocrx_word' id='word_1_69' title='bbox 427 1065 612 1140; x_wconf 80' lang='lat' dir='ltr'><strong>transibant,</strong></span> <span class='ocrx_word' id='word_1_70' title='bbox 635 1064 754 1150; x_wconf 86' lang='lat' dir='ltr'><strong>accepit</strong></span> <span class='ocrx_word' id='word_1_71' title='bbox 774 1085 832 1129; x_wconf 84' lang='lat' dir='ltr'><strong>rex</strong></span> <span class='ocrx_word' id='word_1_72' title='bbox 850 1064 982 1130; x_wconf 84' lang='lat' dir='ltr'><strong>Solomo.</strong></span> <span class='ocrx_word' id='word_1_73' title='bbox 1026 1064 1076 1129; x_wconf 93' lang='lat' dir='ltr'><strong>De</strong></span> <span class='ocrx_word' id='word_1_74' title='bbox 1096 1065 1190 1131; x_wconf 89' lang='lat' dir='ltr'><strong>thure</strong></span> <span class='ocrx_word' id='word_1_75' title='bbox 1207 1065 1346 1132; x_wconf 87' lang='lat' dir='ltr'><strong>Plinius:</strong></span> 
     </span>
     <span class='ocr_line' id='line_1_10' title="bbox 83 1163 1347 1251; baseline 0.002 -23"><span class='ocrx_word' id='word_1_76' title='bbox 83 1188 139 1228; x_wconf 76' lang='grc' dir='ltr'>ιιιιι</span> <span class='ocrx_word' id='word_1_77' title='bbox 149 1187 200 1226; x_wconf 73' lang='lat' dir='ltr'><strong>rar.</strong></span> <span class='ocrx_word' id='word_1_78' title='bbox 245 1168 353 1233; x_wconf 81' lang='lat' dir='ltr'><strong>Eoehi</strong></span> <span class='ocrx_word' id='word_1_79' title='bbox 381 1188 445 1232; x_wconf 80' lang='lat' dir='ltr'><strong>ooo</strong></span> <span class='ocrx_word' id='word_1_80' title='bbox 466 1177 581 1251; x_wconf 81' lang='lat' dir='ltr'><strong>potest,</strong></span> <span class='ocrx_word' id='word_1_81' title='bbox 607 1165 674 1229; x_wconf 80' lang='lat' dir='ltr'><strong>nisi</strong></span> <span class='ocrx_word' id='word_1_82' title='bbox 695 1185 756 1248; x_wconf 85' lang='lat' dir='ltr'><strong>per</strong></span> <span class='ocrx_word' id='word_1_83' title='bbox 785 1163 976 1228; x_wconf 82' lang='lat' dir='ltr'><strong>Gebanitas.</strong></span> <span class='ocrx_word' id='word_1_84' title='bbox 1016 1165 1152 1250; x_wconf 78' lang='lat' dir='ltr'><strong>rItaque</strong></span> <span class='ocrx_word' id='word_1_85' title='bbox 1176 1176 1206 1231; x_wconf 87' lang='lat' dir='ltr'><strong>et</strong></span> <span class='ocrx_word' id='word_1_86' title='bbox 1231 1167 1347 1231; x_wconf 80' lang='lat' dir='ltr'><strong>horum</strong></span> 
     </span>
     <span class='ocr_line' id='line_1_11' title="bbox 80 1235 1346 1351; baseline -0.001 -19"><span class='ocrx_word' id='word_1_87' title='bbox 80 1235 118 1274; x_wconf 54' lang='grc' dir='ltr'><strong>’ω’</strong></span> <span class='ocrx_word' id='word_1_88' title='bbox 128 1235 157 1272; x_wconf 62' lang='lat'><strong>¹⁴</strong></span> <span class='ocrx_word' id='word_1_89' title='bbox 244 1268 313 1351; x_wconf 75' lang='lat' dir='ltr'><strong>repi</strong></span> <span class='ocrx_word' id='word_1_90' title='bbox 323 1267 481 1351; x_wconf 77' lang='lat' dir='ltr'><strong>perditur</strong></span> <span class='ocrx_word' id='word_1_91' title='bbox 495 1264 643 1348; x_wconf 73' lang='lat' dir='ltr'><strong>vectiyul.</strong></span> <span class='ocrx_word' id='word_1_92' title='bbox 694 1261 745 1328; x_wconf 85' lang='lat' dir='ltr'><strong>Sic</strong></span> <span class='ocrx_word' id='word_1_93' title='bbox 761 1260 853 1327; x_wconf 86' lang='lat' dir='ltr'><strong>ditati</strong></span> <span class='ocrx_word' id='word_1_94' title='bbox 870 1261 1076 1327; x_wconf 81' lang='lat' dir='ltr'><strong>Massilienses</strong></span> <span class='ocrx_word' id='word_1_95' title='bbox 1093 1285 1133 1327; x_wconf 87' lang='lat' dir='ltr'><strong>ex</strong></span> <span class='ocrx_word' id='word_1_96' title='bbox 1152 1262 1236 1329; x_wconf 84' lang='lat' dir='ltr'><strong>fossa</strong></span> <span class='ocrx_word' id='word_1_97' title='bbox 1251 1285 1346 1350; x_wconf 84' lang='lat' dir='ltr'><strong>quam</strong></span> 
     </span>
     <span class='ocr_line' id='line_1_12' title="bbox 246 1358 1348 1452; baseline 0.002 -23"><span class='ocrx_word' id='word_1_98' title='bbox 246 1386 288 1430; x_wconf 84' lang='lat' dir='ltr'><strong>cx</strong></span> <span class='ocrx_word' id='word_1_99' title='bbox 303 1365 457 1430; x_wconf 86' lang='lat' dir='ltr'><strong>Rhodano</strong></span> <span class='ocrx_word' id='word_1_100' title='bbox 474 1363 507 1427; x_wconf 91' lang='lat' dir='ltr'><strong>in</strong></span> <span class='ocrx_word' id='word_1_101' title='bbox 523 1382 610 1427; x_wconf 87' lang='lat' dir='ltr'><strong>mare</strong></span> <span class='ocrx_word' id='word_1_102' title='bbox 626 1360 747 1426; x_wconf 87' lang='lat' dir='ltr'><strong>Marius</strong></span> <span class='ocrx_word' id='word_1_103' title='bbox 769 1360 912 1439; x_wconf 84' lang='lat' dir='ltr'><strong>duxerat,</strong></span> <span class='ocrx_word' id='word_1_104' title='bbox 929 1358 1157 1452; x_wconf 74' lang='grc' dir='ltr'>πραττόμενοι</span> <span class='ocrx_word' id='word_1_105' title='bbox 1177 1359 1255 1436; x_wconf 76' lang='lat' dir='ltr'><strong>rodo</strong></span> <span class='ocrx_word' id='word_1_106' title='bbox 1271 1360 1348 1432; x_wconf 82' lang='grc' dir='ltr'><em>ἁνα-</em></span> 
     </span>
     <span class='ocr_line' id='line_1_13' title="bbox 247 1456 1346 1550; baseline 0 -20"><span class='ocrx_word' id='word_1_107' title='bbox 247 1457 414 1533; x_wconf 58' lang='lat' dir='ltr'><strong>walecras</strong></span> <span class='ocrx_word' id='word_1_108' title='bbox 431 1459 483 1530; x_wconf 75' lang='lat' dir='ltr'><strong>rai</strong></span> <span class='ocrx_word' id='word_1_109' title='bbox 501 1459 576 1533; x_wconf 75' lang='lat' dir='ltr'><strong>roris</strong></span> <span class='ocrx_word' id='word_1_110' title='bbox 596 1456 863 1550; x_wconf 68' lang='grc' dir='ltr'>καταγομένουςι</span> <span class='ocrx_word' id='word_1_111' title='bbox 888 1462 1045 1546; x_wconf 70' lang='lat' dir='ltr'><strong>&#39;vectiqul</strong></span> <span class='ocrx_word' id='word_1_112' title='bbox 1060 1464 1217 1546; x_wconf 69' lang='lat' dir='ltr'><strong>eripentes</strong></span> <span class='ocrx_word' id='word_1_113' title='bbox 1233 1464 1277 1527; x_wconf 81' lang='lat' dir='ltr'><strong>ab</strong></span> <span class='ocrx_word' id='word_1_114' title='bbox 1291 1465 1346 1539; x_wconf 76' lang='lat' dir='ltr'><strong>iis,</strong></span> 
     </span>
     <span class='ocr_line' id='line_1_14' title="bbox 82 1559 1348 1648; baseline 0 -20"><span class='ocrx_word' id='word_1_115' title='bbox 82 1577 155 1628; x_wconf 65' lang='lat' dir='ltr'><strong>nm</strong></span> <span class='ocrx_word' id='word_1_116' title='bbox 248 1565 306 1648; x_wconf 80' lang='lat' dir='ltr'><strong>qui</strong></span> <span class='ocrx_word' id='word_1_117' title='bbox 325 1564 464 1629; x_wconf 72' lang='lat' dir='ltr'><strong>cooihm</strong></span> <span class='ocrx_word' id='word_1_118' title='bbox 485 1563 690 1627; x_wconf 77' lang='lat' dir='ltr'><strong>ascenderent</strong></span> <span class='ocrx_word' id='word_1_119' title='bbox 712 1572 771 1624; x_wconf 82' lang='lat' dir='ltr'><strong>aot</strong></span> <span class='ocrx_word' id='word_1_120' title='bbox 792 1562 1023 1636; x_wconf 78' lang='lat' dir='ltr'><strong>descenderent,</strong></span> <span class='ocrx_word' id='word_1_121' title='bbox 1049 1567 1085 1624; x_wconf 93' lang='lat' dir='ltr'><strong>ut</strong></span> <span class='ocrx_word' id='word_1_122' title='bbox 1103 1559 1216 1625; x_wconf 87' lang='lat' dir='ltr'><strong>Strabo</strong></span> <span class='ocrx_word' id='word_1_123' title='bbox 1236 1570 1348 1628; x_wconf 89' lang='lat' dir='ltr'><strong>narrat</strong></span> 
     </span>
     <span class='ocr_line' id='line_1_15' title="bbox 82 1658 1348 1747; baseline 0.003 -25"><span class='ocrx_word' id='word_1_124' title='bbox 82 1671 152 1722; x_wconf 61' lang='lat' dir='ltr'><strong>ru&amp;</strong></span> <span class='ocrx_word' id='word_1_125' title='bbox 247 1661 327 1726; x_wconf 88' lang='lat' dir='ltr'><strong>libro</strong></span> <span class='ocrx_word' id='word_1_126' title='bbox 345 1670 466 1747; x_wconf 89' lang='lat' dir='ltr'><strong>quarto.</strong></span> <span class='ocrx_word' id='word_1_127' title='bbox 509 1660 598 1725; x_wconf 91' lang='lat' dir='ltr'><strong>Idem</strong></span> <span class='ocrx_word' id='word_1_128' title='bbox 617 1659 698 1723; x_wconf 91' lang='lat' dir='ltr'><strong>libro</strong></span> <span class='ocrx_word' id='word_1_129' title='bbox 715 1667 824 1724; x_wconf 77' lang='lat' dir='ltr'><strong>octavo</strong></span> <span class='ocrx_word' id='word_1_130' title='bbox 844 1680 901 1723; x_wconf 91' lang='lat' dir='ltr'><strong>nos</strong></span> <span class='ocrx_word' id='word_1_131' title='bbox 917 1659 1018 1736; x_wconf 90' lang='lat' dir='ltr'><strong>docet,</strong></span> <span class='ocrx_word' id='word_1_132' title='bbox 1041 1658 1218 1724; x_wconf 85' lang='lat' dir='ltr'><strong>Corinthios</strong></span> <span class='ocrx_word' id='word_1_133' title='bbox 1234 1660 1275 1725; x_wconf 90' lang='lat' dir='ltr'><strong>ab</strong></span> <span class='ocrx_word' id='word_1_134' title='bbox 1292 1682 1348 1726; x_wconf 89' lang='lat' dir='ltr'><strong>an-</strong></span> 
     </span>
     <span class='ocr_line' id='line_1_16' title="bbox 248 1756 1347 1847; baseline -0.001 -22"><span class='ocrx_word' id='word_1_135' title='bbox 248 1759 427 1845; x_wconf 90' lang='lat' dir='ltr'><strong>tiquissimis</strong></span> <span class='ocrx_word' id='word_1_136' title='bbox 449 1780 546 1845; x_wconf 92' lang='lat' dir='ltr'><strong>nsque</strong></span> <span class='ocrx_word' id='word_1_137' title='bbox 562 1757 752 1844; x_wconf 88' lang='lat' dir='ltr'><strong>temporibus</strong></span> <span class='ocrx_word' id='word_1_138' title='bbox 774 1756 908 1847; x_wconf 81' lang='lat' dir='ltr'><strong>vectigal</strong></span> <span class='ocrx_word' id='word_1_139' title='bbox 929 1757 1103 1844; x_wconf 87' lang='lat' dir='ltr'><strong>percepisse</strong></span> <span class='ocrx_word' id='word_1_140' title='bbox 1121 1758 1161 1823; x_wconf 93' lang='lat' dir='ltr'><strong>de</strong></span> <span class='ocrx_word' id='word_1_141' title='bbox 1184 1758 1347 1836; x_wconf 88' lang='lat' dir='ltr'><strong>mercibus,</strong></span> 
     </span>
     <span class='ocr_line' id='line_1_17' title="bbox 248 1855 1348 1945; baseline 0.001 -23"><span class='ocrx_word' id='word_1_142' title='bbox 248 1880 319 1945; x_wconf 75' lang='lat' dir='ltr'><strong>quas</strong></span> <span class='ocrx_word' id='word_1_143' title='bbox 334 1858 552 1924; x_wconf 76' lang='lat' dir='ltr'><strong>adnitendum</strong></span> <span class='ocrx_word' id='word_1_144' title='bbox 565 1855 678 1921; x_wconf 84' lang='lat' dir='ltr'><strong>Maleae</strong></span> <span class='ocrx_word' id='word_1_145' title='bbox 694 1856 821 1935; x_wconf 87' lang='lat' dir='ltr'><strong>flexum,</strong></span> <span class='ocrx_word' id='word_1_146' title='bbox 838 1865 926 1922; x_wconf 90' lang='lat' dir='ltr'><strong>terra</strong></span> <span class='ocrx_word' id='word_1_147' title='bbox 942 1856 982 1921; x_wconf 90' lang='lat' dir='ltr'><strong>de</strong></span> <span class='ocrx_word' id='word_1_148' title='bbox 1001 1856 1080 1922; x_wconf 90' lang='lat' dir='ltr'><strong>mari</strong></span> <span class='ocrx_word' id='word_1_149' title='bbox 1095 1856 1128 1921; x_wconf 95' lang='lat' dir='ltr'><strong>in</strong></span> <span class='ocrx_word' id='word_1_150' title='bbox 1145 1878 1231 1922; x_wconf 88' lang='lat' dir='ltr'><strong>mare</strong></span> <span class='ocrx_word' id='word_1_151' title='bbox 1245 1867 1348 1923; x_wconf 83' lang='lat' dir='ltr'><strong>trans·</strong></span> 
     </span>
    </p>
   </div>
   <div class='ocr_carea' id='block_1_3' title="bbox 79 1954 1349 2144">
    <p class='ocr_par' dir='ltr' id='par_1_5' title="bbox 79 1954 1349 2144">
     <span class='ocr_line' id='line_1_18' title="bbox 79 1954 1349 2044; baseline -0.004 -17"><span class='ocrx_word' id='word_1_152' title='bbox 79 1985 215 2027; x_wconf 67' lang='lat' dir='ltr'><strong>masse.</strong></span> <span class='ocrx_word' id='word_1_153' title='bbox 248 1958 438 2024; x_wconf 76' lang='lat' dir='ltr'><strong>ferebantur.</strong></span> <span class='ocrx_word' id='word_1_154' title='bbox 482 1956 534 2021; x_wconf 90' lang='lat' dir='ltr'><strong>Sic</strong></span> <span class='ocrx_word' id='word_1_155' title='bbox 555 1977 613 2044; x_wconf 88' lang='lat' dir='ltr'><strong>pro</strong></span> <span class='ocrx_word' id='word_1_156' title='bbox 634 1955 739 2020; x_wconf 87' lang='lat' dir='ltr'><strong>Rheni</strong></span> <span class='ocrx_word' id='word_1_157' title='bbox 763 1955 896 2044; x_wconf 87' lang='lat' dir='ltr'><strong>transitu</strong></span> <span class='ocrx_word' id='word_1_158' title='bbox 916 1955 1051 2043; x_wconf 91' lang='lat' dir='ltr'><strong>pretium</strong></span> <span class='ocrx_word' id='word_1_159' title='bbox 1075 1954 1266 2042; x_wconf 87' lang='lat' dir='ltr'><strong>accipiebant</strong></span> <span class='ocrx_word' id='word_1_160' title='bbox 1282 1956 1349 2022; x_wconf 86' lang='lat' dir='ltr'><strong>Ro-</strong></span> 
     </span>
     <span class='ocr_line' id='line_1_19' title="bbox 86 2032 1349 2144; baseline 0.001 -23"><span class='ocrx_word' id='word_1_161' title='bbox 86 2032 211 2130; x_wconf 43' lang='lat' dir='ltr'><strong>{limi</strong></span> <span class='ocrx_word' id='word_1_162' title='bbox 248 2055 339 2129; x_wconf 73' lang='lat' dir='ltr'><strong>inani.</strong></span> <span class='ocrx_word' id='word_1_163' title='bbox 379 2059 499 2122; x_wconf 84' lang='lat' dir='ltr'><strong>Etiam</strong></span> <span class='ocrx_word' id='word_1_164' title='bbox 515 2057 552 2120; x_wconf 82' lang='lat' dir='ltr'><strong>iu</strong></span> <span class='ocrx_word' id='word_1_165' title='bbox 562 2056 716 2144; x_wconf 77' lang='lat' dir='ltr'><strong>postibus</strong></span> <span class='ocrx_word' id='word_1_166' title='bbox 727 2077 791 2139; x_wconf 83' lang='lat' dir='ltr'><strong>pro</strong></span> <span class='ocrx_word' id='word_1_167' title='bbox 809 2057 953 2122; x_wconf 74' lang='lat' dir='ltr'><strong>transitu</strong></span> <span class='ocrx_word' id='word_1_168' title='bbox 975 2058 1086 2132; x_wconf 81' lang='lat' dir='ltr'><strong>datur,</strong></span> <span class='ocrx_word' id='word_1_169' title='bbox 1102 2055 1202 2140; x_wconf 89' lang='lat' dir='ltr'><strong>inquit</strong></span> <span class='ocrx_word' id='word_1_170' title='bbox 1220 2055 1349 2122; x_wconf 86' lang='lat' dir='ltr'><strong>Seneca.</strong></span> 
     </span>
    </p>
   </div>
   <div class='ocr_carea' id='block_1_4' title="bbox 82 2138 1260 2284">
    <p class='ocr_par' dir='ltr' id='par_1_6' title="bbox 82 2138 1260 2284">
     <span class='ocr_line' id='line_1_20' title="bbox 82 2138 1260 2284; baseline 0.007 -71"><span class='ocrx_word' id='word_1_171' title='bbox 82 2138 226 2284; x_wconf 41' lang='lat' dir='ltr'><strong>&amp;²33⁶ss</strong></span> <span class='ocrx_word' id='word_1_172' title='bbox 248 2156 291 2221; x_wconf 83' lang='lat' dir='ltr'><strong>Et</strong></span> <span class='ocrx_word' id='word_1_173' title='bbox 308 2155 348 2220; x_wconf 93' lang='lat' dir='ltr'><strong>de</strong></span> <span class='ocrx_word' id='word_1_174' title='bbox 364 2154 523 2219; x_wconf 85' lang='lat' dir='ltr'><strong>fluminum</strong></span> <span class='ocrx_word' id='word_1_175' title='bbox 540 2153 674 2219; x_wconf 88' lang='lat' dir='ltr'><strong>transitu</strong></span> <span class='ocrx_word' id='word_1_176' title='bbox 690 2153 774 2239; x_wconf 91' lang='lat' dir='ltr'><strong>pleni</strong></span> <span class='ocrx_word' id='word_1_177' title='bbox 790 2162 863 2219; x_wconf 89' lang='lat' dir='ltr'><strong>sunt</strong></span> <span class='ocrx_word' id='word_1_178' title='bbox 874 2153 1161 2240; x_wconf 88' lang='lat' dir='ltr'><strong>jurisconsultorum</strong></span> <span class='ocrx_word' id='word_1_179' title='bbox 1179 2154 1260 2221; x_wconf 89' lang='lat' dir='ltr'><strong>libri.</strong></span> 
     </span>
    </p>
   </div>
   <div class='ocr_carea' id='block_1_5' title="bbox 148 2253 1351 2341">
    <p class='ocr_par' dir='ltr' id='par_1_7' title="bbox 148 2253 1351 2341">
     <span class='ocr_line' id='line_1_21' title="bbox 148 2253 1351 2341; baseline 0.001 -22"><span class='ocrx_word' id='word_1_180' title='bbox 148 2271 204 2329; x_wconf 57' lang='grc' dir='ltr'><strong>,η</strong></span> <span class='ocrx_word' id='word_1_181' title='bbox 321 2256 342 2318; x_wconf 89' lang='grc'><strong>3</strong></span> <span class='ocrx_word' id='word_1_182' title='bbox 377 2253 441 2319; x_wconf 91' lang='lat' dir='ltr'><strong>Sed</strong></span> <span class='ocrx_word' id='word_1_183' title='bbox 456 2253 604 2339; x_wconf 85' lang='lat' dir='ltr'><strong>frequens</strong></span> <span class='ocrx_word' id='word_1_184' title='bbox 625 2261 673 2317; x_wconf 89' lang='lat' dir='ltr'><strong>est</strong></span> <span class='ocrx_word' id='word_1_185' title='bbox 690 2260 726 2317; x_wconf 93' lang='lat' dir='ltr'><strong>ut</strong></span> <span class='ocrx_word' id='word_1_186' title='bbox 743 2274 850 2338; x_wconf 87' lang='lat' dir='ltr'><strong>aeqnus</strong></span> <span class='ocrx_word' id='word_1_187' title='bbox 872 2253 982 2318; x_wconf 90' lang='lat' dir='ltr'><strong>modus</strong></span> <span class='ocrx_word' id='word_1_188' title='bbox 998 2275 1061 2318; x_wconf 91' lang='lat' dir='ltr'><strong>non</strong></span> <span class='ocrx_word' id='word_1_189' title='bbox 1081 2262 1234 2330; x_wconf 85' lang='lat' dir='ltr'><strong>servetur,</strong></span> <span class='ocrx_word' id='word_1_190' title='bbox 1262 2253 1351 2341; x_wconf 90' lang='lat' dir='ltr'><strong>cujus</strong></span> 
     </span>
    </p>
   </div>
   <div class='ocr_carea' id='block_1_6' title="bbox 83 2336 1352 2476">
    <p class='ocr_par' dir='ltr' id='par_1_8' title="bbox 83 2336 1352 2476">
     <span class='ocr_line' id='line_1_22' title="bbox 83 2336 1352 2476; baseline 0.007 -62"><span class='ocrx_word' id='word_1_191' title='bbox 83 2336 234 2476; x_wconf 47' lang='grc' dir='ltr'>Ξῖὥιι.</span> <span class='ocrx_word' id='word_1_192' title='bbox 248 2351 295 2419; x_wconf 91' lang='lat' dir='ltr'><strong>rei</strong></span> <span class='ocrx_word' id='word_1_193' title='bbox 310 2352 506 2442; x_wconf 79' lang='lat' dir='ltr'><strong>Phylarchos</strong></span> <span class='ocrx_word' id='word_1_194' title='bbox 516 2352 662 2442; x_wconf 17' lang='lat' dir='ltr'><strong>*Arabum</strong></span> <span class='ocrx_word' id='word_1_195' title='bbox 685 2349 805 2417; x_wconf 91' lang='lat' dir='ltr'><strong>incusat</strong></span> <span class='ocrx_word' id='word_1_196' title='bbox 823 2352 947 2429; x_wconf 87' lang='lat' dir='ltr'><strong>Strabo,</strong></span> <span class='ocrx_word' id='word_1_197' title='bbox 964 2353 1024 2417; x_wconf 91' lang='lat' dir='ltr'><strong>hoc</strong></span> <span class='ocrx_word' id='word_1_198' title='bbox 1040 2352 1167 2418; x_wconf 87' lang='lat' dir='ltr'><strong>addito:</strong></span> <span class='ocrx_word' id='word_1_199' title='bbox 1194 2351 1352 2447; x_wconf 74' lang='grc' dir='ltr'>χαλεπδν</span> 
     </span>
    </p>
   </div>
   <div class='ocr_carea' id='block_1_7' title="bbox 82 2473 1351 2650">
    <p class='ocr_par' dir='ltr' id='par_1_9' title="bbox 82 2473 1351 2650">
     <span class='ocr_line' id='line_1_23' title="bbox 85 2473 1351 2563; baseline 0.019 -39"><span class='ocrx_word' id='word_1_200' title='bbox 85 2473 158 2559; x_wconf 42' lang='grc' dir='ltr'><strong>ἔξω</strong></span> <span class='ocrx_word' id='word_1_201' title='bbox 168 2520 227 2559; x_wconf 64' lang='lat' dir='ltr'><strong>em</strong></span> <span class='ocrx_word' id='word_1_202' title='bbox 247 2502 345 2549; x_wconf 66' lang='lat' dir='ltr'><strong>omnino</strong></span> <span class='ocrx_word' id='word_1_203' title='bbox 360 2503 451 2563; x_wconf 60' lang='lat' dir='ltr'><strong>,liquid</strong></span> <span class='ocrx_word' id='word_1_204' title='bbox 463 2503 534 2562; x_wconf 53' lang='lat' dir='ltr'><strong>exigi,</strong></span> <span class='ocrx_word' id='word_1_205' title='bbox 549 2503 633 2549; x_wconf 64' lang='lat' dir='ltr'><strong>eodem</strong></span> <span class='ocrx_word' id='word_1_206' title='bbox 646 2502 709 2561; x_wconf 90' lang='lat' dir='ltr'><strong>jure,</strong></span> <span class='ocrx_word' id='word_1_207' title='bbox 725 2513 774 2561; x_wconf 89' lang='lat' dir='ltr'><strong>quo</strong></span> <span class='ocrx_word' id='word_1_208' title='bbox 821 2516 876 2548; x_wconf 87' lang='lat' dir='ltr'><strong>onnr</strong></span> <span class='ocrx_word' id='word_1_209' title='bbox 892 2516 982 2563; x_wconf 84' lang='lat' dir='ltr'><strong>regem,</strong></span> <span class='ocrx_word' id='word_1_210' title='bbox 997 2516 1050 2562; x_wconf 79' lang='lat' dir='ltr'><strong>quse</strong></span> <span class='ocrx_word' id='word_1_211' title='bbox 1061 2502 1125 2549; x_wconf 88' lang='lat' dir='ltr'><strong>iuter</strong></span> <span class='ocrx_word' id='word_1_212' title='bbox 1138 2501 1243 2562; x_wconf 85' lang='lat' dir='ltr'><strong>capitula</strong></span> <span class='ocrx_word' id='word_1_213' title='bbox 1258 2499 1351 2562; x_wconf 73' lang='lat' dir='ltr'><strong>legitur</strong></span> 
     </span>
     <span class='ocr_line' id='line_1_24' title="bbox 82 2564 1106 2650; baseline 0.02 -35"><span class='ocrx_word' id='word_1_214' title='bbox 82 2564 202 2650; x_wconf 39' lang='lat' dir='ltr'><strong>{millem-</strong></span> <span class='ocrx_word' id='word_1_215' title='bbox 247 2577 282 2622; x_wconf 84' lang='lat' dir='ltr'><strong>rei</strong></span> <span class='ocrx_word' id='word_1_216' title='bbox 292 2591 391 2623; x_wconf 81' lang='lat' dir='ltr'><strong>suaensu</strong></span> <span class='ocrx_word' id='word_1_217' title='bbox 402 2578 480 2636; x_wconf 75' lang='lat' dir='ltr'><strong>quids</strong></span> <span class='ocrx_word' id='word_1_218' title='bbox 489 2578 549 2623; x_wconf 86' lang='lat' dir='ltr'><strong>alios</strong></span> <span class='ocrx_word' id='word_1_219' title='bbox 559 2581 634 2624; x_wconf 89' lang='lat' dir='ltr'><strong>arcet.</strong></span> <span class='ocrx_word' id='word_1_220' title='bbox 659 2576 773 2622; x_wconf 85' lang='lat' dir='ltr'><strong>Dicemus</strong></span> <span class='ocrx_word' id='word_1_221' title='bbox 823 2576 904 2623; x_wconf 84' lang='lat' dir='ltr'><strong>Caroli</strong></span> <span class='ocrx_word' id='word_1_222' title='bbox 916 2576 992 2632; x_wconf 84' lang='lat' dir='ltr'><strong>Calvi,</strong></span> <span class='ocrx_word' id='word_1_223' title='bbox 1007 2590 1060 2635; x_wconf 66' lang='lat' dir='ltr'><strong>cap.</strong></span> <span class='ocrx_word' id='word_1_224' title='bbox 1071 2579 1106 2624; x_wconf 78' lang='lat'><strong>14·</strong></span> 
     </span>
    </p>
   </div>
   <div class='ocr_carea' id='block_1_8' title="bbox 85 2649 1350 2711">
    <p class='ocr_par' dir='ltr' id='par_1_10' title="bbox 85 2649 1350 2711">
     <span class='ocr_line' id='line_1_25' title="bbox 85 2649 1350 2711; baseline 0.002 -16"><span class='ocrx_word' id='word_1_225' title='bbox 85 2657 160 2695; x_wconf 69' lang='lat' dir='ltr'><strong>mult</strong></span> <span class='ocrx_word' id='word_1_226' title='bbox 247 2649 272 2695; x_wconf 90' lang='lat' dir='ltr'><strong>ln</strong></span> <span class='ocrx_word' id='word_1_227' title='bbox 290 2650 361 2695; x_wconf 82' lang='lat' dir='ltr'><strong>Notis</strong></span> <span class='ocrx_word' id='word_1_228' title='bbox 383 2650 489 2696; x_wconf 83' lang='lat' dir='ltr'><strong>Gallicis.</strong></span> <span class='ocrx_word' id='word_1_229' title='bbox 526 2650 626 2695; x_wconf 85' lang='lat' dir='ltr'><strong>Interim</strong></span> <span class='ocrx_word' id='word_1_230' title='bbox 647 2650 700 2694; x_wconf 83' lang='lat' dir='ltr'><strong>ride</strong></span> <span class='ocrx_word' id='word_1_231' title='bbox 720 2662 774 2708; x_wconf 81' lang='lat' dir='ltr'><strong>quar</strong></span> <span class='ocrx_word' id='word_1_232' title='bbox 866 2651 1350 2711; x_wconf 68' lang='lat' dir='ltr'><strong>rltrrqueetirornrarapiperrdituruec-</strong></span> 
     </span>
    </p>
   </div>
   <div class='ocr_carea' id='block_1_9' title="bbox 82 2700 1351 2791">
    <p class='ocr_par' dir='ltr' id='par_1_11' title="bbox 82 2700 1351 2791">
     <span class='ocr_line' id='line_1_26' title="bbox 82 2700 1351 2791; baseline 0.009 -30"><span class='ocrx_word' id='word_1_233' title='bbox 82 2700 212 2791; x_wconf 38' lang='lat' dir='ltr'><strong>&amp;avla</strong></span> <span class='ocrx_word' id='word_1_234' title='bbox 248 2723 385 2783; x_wconf 76' lang='lat' dir='ltr'><strong>scripsimus</strong></span> <span class='ocrx_word' id='word_1_235' title='bbox 405 2723 430 2768; x_wconf 93' lang='lat' dir='ltr'><strong>in</strong></span> <span class='ocrx_word' id='word_1_236' title='bbox 451 2723 620 2769; x_wconf 80' lang='lat' dir='ltr'><strong>Punsnnoan.</strong></span> <span class='ocrx_word' id='word_1_237' title='bbox 650 2721 690 2766; x_wconf 84' lang='lat' dir='ltr'><strong>De</strong></span> <span class='ocrx_word' id='word_1_238' title='bbox 713 2721 775 2767; x_wconf 81' lang='lat' dir='ltr'><strong>Jure</strong></span> <span class='ocrx_word' id='word_1_239' title='bbox 822 2724 895 2786; x_wconf 61' lang='lat' dir='ltr'><strong>ripa]</strong></span> <span class='ocrx_word' id='word_1_240' title='bbox 912 2724 994 2770; x_wconf 89' lang='lat' dir='ltr'><strong>Simile</strong></span> <span class='ocrx_word' id='word_1_241' title='bbox 1004 2726 1068 2784; x_wconf 88' lang='lat' dir='ltr'><strong>apud</strong></span> <span class='ocrx_word' id='word_1_242' title='bbox 1079 2725 1183 2771; x_wconf 79' lang='lat' dir='ltr'><strong>Leonem</strong></span> <span class='ocrx_word' id='word_1_243' title='bbox 1195 2728 1283 2772; x_wconf 83' lang='lat' dir='ltr'><strong>Afrum</strong></span> <span class='ocrx_word' id='word_1_244' title='bbox 1300 2741 1351 2773; x_wconf 93' lang='lat' dir='ltr'><strong>non</strong></span> 
     </span>
    </p>
   </div>
   <div class='ocr_carea' id='block_1_10' title="bbox 247 2795 1353 3232">
    <p class='ocr_par' dir='ltr' id='par_1_12' title="bbox 247 2795 1351 2932">
     <span class='ocr_line' id='line_1_27' title="bbox 247 2795 1351 2860; baseline 0.004 -15"><span class='ocrx_word' id='word_1_245' title='bbox 247 2797 309 2845; x_wconf 81' lang='lat' dir='ltr'><strong>Nat.</strong></span> <span class='ocrx_word' id='word_1_246' title='bbox 320 2803 342 2843; x_wconf 81' lang='lat' dir='ltr'><strong>et</strong></span> <span class='ocrx_word' id='word_1_247' title='bbox 354 2797 422 2844; x_wconf 67' lang='lat' dir='ltr'><strong>Gerre.</strong></span> <span class='ocrx_word' id='word_1_248' title='bbox 433 2796 486 2844; x_wconf 89' lang='lat' dir='ltr'><strong>Lib.</strong></span> <span class='ocrx_word' id='word_1_249' title='bbox 499 2811 539 2843; x_wconf 84' lang='grc' dir='ltr'>ιιι.</span> <span class='ocrx_word' id='word_1_250' title='bbox 551 2811 604 2856; x_wconf 87' lang='lat' dir='ltr'><strong>cap.</strong></span> <span class='ocrx_word' id='word_1_251' title='bbox 614 2799 636 2852; x_wconf 83' lang='lat'><strong>3,</strong></span> <span class='ocrx_word' id='word_1_252' title='bbox 650 2796 698 2855; x_wconf 62' lang='grc' dir='ltr'>ξι,</span> <span class='ocrx_word' id='word_1_253' title='bbox 716 2795 774 2840; x_wconf 87' lang='lat' dir='ltr'><strong>ulti·</strong></span> <span class='ocrx_word' id='word_1_254' title='bbox 822 2799 895 2858; x_wconf 83' lang='lat' dir='ltr'><strong>longs</strong></span> <span class='ocrx_word' id='word_1_255' title='bbox 912 2800 942 2844; x_wconf 89' lang='lat' dir='ltr'><strong>ab</strong></span> <span class='ocrx_word' id='word_1_256' title='bbox 960 2799 1036 2845; x_wconf 87' lang='lat' dir='ltr'><strong>initlo.</strong></span> <span class='ocrx_word' id='word_1_257' title='bbox 1068 2797 1151 2857; x_wconf 79' lang='lat' dir='ltr'><strong>[Forte</strong></span> <span class='ocrx_word' id='word_1_258' title='bbox 1167 2799 1228 2860; x_wconf 78' lang='lat' dir='ltr'><strong>Peg.</strong></span> <span class='ocrx_word' id='word_1_259' title='bbox 1240 2803 1278 2856; x_wconf 75' lang='lat'><strong>47,</strong></span> <span class='ocrx_word' id='word_1_260' title='bbox 1298 2801 1351 2849; x_wconf 80' lang='lat' dir='ltr'><strong>Ed.</strong></span> 
     </span>
     <span class='ocr_line' id='line_1_28' title="bbox 247 2870 1028 2932; baseline 0.001 -15"><span class='ocrx_word' id='word_1_261' title='bbox 247 2882 293 2917; x_wconf 78' lang='lat' dir='ltr'><strong>mas</strong></span> <span class='ocrx_word' id='word_1_262' title='bbox 304 2872 430 2917; x_wconf 76' lang='lat' dir='ltr'><strong>EditIonIs.</strong></span> <span class='ocrx_word' id='word_1_263' title='bbox 461 2870 530 2918; x_wconf 82' lang='lat' dir='ltr'><strong>J.B.</strong></span> <span class='ocrx_word' id='word_1_264' title='bbox 822 2873 1028 2932; x_wconf 79' lang='lat' dir='ltr'><strong>Elzevir.1632.]</strong></span> 
     </span>
    </p>

    <p class='ocr_par' dir='ltr' id='par_1_13' title="bbox 248 2944 1353 3232">
     <span class='ocr_line' id='line_1_29' title="bbox 292 2944 1351 3010; baseline 0.008 -22"><span class='ocrx_word' id='word_1_265' title='bbox 292 2954 304 2987; x_wconf 80' lang='lat' dir='ltr'><strong>s</strong></span> <span class='ocrx_word' id='word_1_266' title='bbox 318 2944 377 2991; x_wconf 81' lang='lat' dir='ltr'><strong>Inde</strong></span> <span class='ocrx_word' id='word_1_267' title='bbox 385 2944 644 3004; x_wconf 70' lang='lat' dir='ltr'><strong>eaimperrdetjustidc,</strong></span> <span class='ocrx_word' id='word_1_268' title='bbox 652 2944 776 2990; x_wconf 77' lang='lat' dir='ltr'><strong>attributa</strong></span> <span class='ocrx_word' id='word_1_269' title='bbox 866 2956 876 2980; x_wconf 79' lang='lat'>¹</span> <span class='ocrx_word' id='word_1_270' title='bbox 895 2946 1000 3007; x_wconf 70' lang='lat' dir='ltr'><strong>Vettios!</strong></span> <span class='ocrx_word' id='word_1_271' title='bbox 1008 2949 1124 3008; x_wconf 75' lang='lat' dir='ltr'><strong>eripertes</strong></span> <span class='ocrx_word' id='word_1_272' title='bbox 1136 2948 1167 2995; x_wconf 86' lang='lat' dir='ltr'><strong>ub</strong></span> <span class='ocrx_word' id='word_1_273' title='bbox 1177 2950 1215 3007; x_wconf 73' lang='lat' dir='ltr'><strong>iis,</strong></span> <span class='ocrx_word' id='word_1_274' title='bbox 1225 2950 1268 3010; x_wconf 81' lang='lat' dir='ltr'><strong>qui</strong></span> <span class='ocrx_word' id='word_1_275' title='bbox 1282 2952 1351 2998; x_wconf 74' lang='lat' dir='ltr'><strong>swi-</strong></span> 
     </span>
     <span class='ocr_line' id='line_1_30' title="bbox 248 3018 1353 3086; baseline 0.006 -22"><span class='ocrx_word' id='word_1_276' title='bbox 248 3021 285 3064; x_wconf 79' lang='lat' dir='ltr'><strong>itc</strong></span> <span class='ocrx_word' id='word_1_277' title='bbox 294 3024 316 3065; x_wconf 86' lang='lat' dir='ltr'><strong>ct</strong></span> <span class='ocrx_word' id='word_1_278' title='bbox 326 3019 459 3079; x_wconf 63' lang='lat' dir='ltr'><strong>verticalis]</strong></span> <span class='ocrx_word' id='word_1_279' title='bbox 471 3020 533 3066; x_wconf 85' lang='lat' dir='ltr'><strong>Vide</strong></span> <span class='ocrx_word' id='word_1_280' title='bbox 543 3018 775 3085; x_wconf 74' lang='lat' dir='ltr'><strong>LepemLonqobar-</strong></span> <span class='ocrx_word' id='word_1_281' title='bbox 824 3020 866 3067; x_wconf 75' lang='lat' dir='ltr'><strong>bus</strong></span> <span class='ocrx_word' id='word_1_282' title='bbox 881 3021 1029 3068; x_wconf 80' lang='lat' dir='ltr'><strong>ascenderent</strong></span> <span class='ocrx_word' id='word_1_283' title='bbox 1044 3029 1086 3069; x_wconf 82' lang='lat' dir='ltr'><strong>aut</strong></span> <span class='ocrx_word' id='word_1_284' title='bbox 1102 3022 1273 3086; x_wconf 79' lang='lat' dir='ltr'><strong>descenderent]</strong></span> <span class='ocrx_word' id='word_1_285' title='bbox 1295 3025 1353 3072; x_wconf 86' lang='lat' dir='ltr'><strong>Hno</strong></span> 
     </span>
     <span class='ocr_line' id='line_1_31' title="bbox 249 3091 1352 3156; baseline 0.007 -19"><span class='ocrx_word' id='word_1_286' title='bbox 249 3092 334 3148; x_wconf 81' lang='lat' dir='ltr'><strong>dicam,</strong></span> <span class='ocrx_word' id='word_1_287' title='bbox 350 3091 423 3138; x_wconf 88' lang='lat' dir='ltr'><strong>Libro</strong></span> <span class='ocrx_word' id='word_1_288' title='bbox 434 3106 473 3138; x_wconf 89' lang='grc' dir='ltr'>ιιι.</span> <span class='ocrx_word' id='word_1_289' title='bbox 490 3093 573 3139; x_wconf 88' lang='lat' dir='ltr'><strong>Titulo</strong></span> <span class='ocrx_word' id='word_1_290' title='bbox 584 3096 605 3138; x_wconf 95' lang='lat'><strong>1.</strong></span> <span class='ocrx_word' id='word_1_291' title='bbox 623 3107 674 3152; x_wconf 88' lang='lat' dir='ltr'><strong>cap.</strong></span> <span class='ocrx_word' id='word_1_292' title='bbox 685 3096 722 3149; x_wconf 88' lang='lat'><strong>31,</strong></span> <span class='ocrx_word' id='word_1_293' title='bbox 737 3096 774 3140; x_wconf 81' lang='lat'><strong>33.</strong></span> <span class='ocrx_word' id='word_1_294' title='bbox 823 3095 931 3140; x_wconf 83' lang='lat' dir='ltr'><strong>alludens</strong></span> <span class='ocrx_word' id='word_1_295' title='bbox 948 3095 1123 3156; x_wconf 76' lang='lat' dir='ltr'><strong>Aristophanes</strong></span> <span class='ocrx_word' id='word_1_296' title='bbox 1140 3098 1166 3142; x_wconf 92' lang='lat' dir='ltr'><strong>in</strong></span> <span class='ocrx_word' id='word_1_297' title='bbox 1183 3099 1272 3144; x_wconf 75' lang='lat' dir='ltr'><strong>Avibus</strong></span> <span class='ocrx_word' id='word_1_298' title='bbox 1297 3100 1352 3145; x_wconf 78' lang='lat' dir='ltr'><strong>vult</strong></span> 
     </span>
     <span class='ocr_line' id='line_1_32' title="bbox 249 3167 1352 3232; baseline 0.005 -19"><span class='ocrx_word' id='word_1_299' title='bbox 249 3172 275 3214; x_wconf 90' lang='lat' dir='ltr'><strong>ct</strong></span> <span class='ocrx_word' id='word_1_300' title='bbox 290 3167 416 3227; x_wconf 87' lang='lat' dir='ltr'><strong>epistolam</strong></span> <span class='ocrx_word' id='word_1_301' title='bbox 432 3167 607 3228; x_wconf 83' lang='lat' dir='ltr'><strong>Episcoporum</strong></span> <span class='ocrx_word' id='word_1_302' title='bbox 623 3169 654 3213; x_wconf 87' lang='lat' dir='ltr'><strong>ad</strong></span> <span class='ocrx_word' id='word_1_303' title='bbox 670 3167 773 3213; x_wconf 76' lang='lat' dir='ltr'><strong>hadoui-</strong></span> <span class='ocrx_word' id='word_1_304' title='bbox 822 3167 947 3214; x_wconf 87' lang='lat' dir='ltr'><strong>interstrui</strong></span> <span class='ocrx_word' id='word_1_305' title='bbox 962 3182 1049 3226; x_wconf 86' lang='lat' dir='ltr'><strong>aerem,</strong></span> <span class='ocrx_word' id='word_1_306' title='bbox 1071 3175 1099 3216; x_wconf 91' lang='lat' dir='ltr'><strong>nt</strong></span> <span class='ocrx_word' id='word_1_307' title='bbox 1119 3171 1161 3217; x_wconf 89' lang='lat' dir='ltr'><strong>Dii</strong></span> <span class='ocrx_word' id='word_1_308' title='bbox 1183 3177 1300 3232; x_wconf 79' lang='lat' dir='ltr'><strong>cogantur</strong></span> <span class='ocrx_word' id='word_1_309' title='bbox 1319 3173 1352 3218; x_wconf 90' lang='lat' dir='ltr'><strong>de</strong></span> 
     </span>
    </p>
   </div>
   <div class='ocr_carea' id='block_1_11' title="bbox 248 3382 1405 4396">
    <p class='ocr_par' dir='ltr' id='par_1_14' title="bbox 248 3382 1405 4288">
     <span class='ocr_line' id='line_1_33' title="bbox 248 3382 1352 3456; baseline 0.002 -19"><span class='ocrx_word' id='word_1_310' title='bbox 248 3382 360 3438; x_wconf 88' lang='lat' dir='ltr'><strong>neither</strong></span> <span class='ocrx_word' id='word_1_311' title='bbox 373 3400 391 3437; x_wconf 88' lang='lat' dir='ltr'><strong>a</strong></span> <span class='ocrx_word' id='word_1_312' title='bbox 412 3384 565 3456; x_wconf 86' lang='lat' dir='ltr'><strong>capitation</strong></span> <span class='ocrx_word' id='word_1_313' title='bbox 579 3389 634 3445; x_wconf 86' lang='lat' dir='ltr'><strong>tax,</strong></span> <span class='ocrx_word' id='word_1_314' title='bbox 659 3400 712 3437; x_wconf 90' lang='lat' dir='ltr'><strong>nor</strong></span> <span class='ocrx_word' id='word_1_315' title='bbox 735 3390 812 3438; x_wconf 85' lang='lat' dir='ltr'><strong>taxes</strong></span> <span class='ocrx_word' id='word_1_316' title='bbox 835 3382 880 3437; x_wconf 86' lang='lat' dir='ltr'><strong>for</strong></span> <span class='ocrx_word' id='word_1_317' title='bbox 894 3383 943 3437; x_wconf 89' lang='lat' dir='ltr'><strong>the</strong></span> <span class='ocrx_word' id='word_1_318' title='bbox 961 3382 1076 3454; x_wconf 88' lang='lat' dir='ltr'><strong>general</strong></span> <span class='ocrx_word' id='word_1_319' title='bbox 1097 3401 1231 3455; x_wconf 86' lang='lat' dir='ltr'><strong>pnrposes</strong></span> <span class='ocrx_word' id='word_1_320' title='bbox 1252 3385 1287 3439; x_wconf 83' lang='lat' dir='ltr'><strong>oi</strong></span> <span class='ocrx_word' id='word_1_321' title='bbox 1300 3384 1352 3440; x_wconf 89' lang='lat' dir='ltr'><strong>the</strong></span> 
     </span>
     <span class='ocr_line' id='line_1_34' title="bbox 249 3468 1088 3540; baseline -0.001 -17"><span class='ocrx_word' id='word_1_322' title='bbox 249 3470 339 3534; x_wconf 83' lang='lat' dir='ltr'><strong>State,</strong></span> <span class='ocrx_word' id='word_1_323' title='bbox 354 3486 406 3523; x_wconf 90' lang='lat' dir='ltr'><strong>can</strong></span> <span class='ocrx_word' id='word_1_324' title='bbox 420 3469 456 3523; x_wconf 90' lang='lat' dir='ltr'><strong>bc</strong></span> <span class='ocrx_word' id='word_1_325' title='bbox 469 3469 598 3540; x_wconf 86' lang='lat' dir='ltr'><strong>required</strong></span> <span class='ocrx_word' id='word_1_326' title='bbox 615 3469 649 3523; x_wconf 84' lang='lat' dir='ltr'><strong>of</strong></span> <span class='ocrx_word' id='word_1_327' title='bbox 659 3469 813 3539; x_wconf 83' lang='lat' dir='ltr'><strong>foreignors</strong></span> <span class='ocrx_word' id='word_1_328' title='bbox 831 3469 944 3540; x_wconf 85' lang='lat' dir='ltr'><strong>passing</strong></span> <span class='ocrx_word' id='word_1_329' title='bbox 958 3468 1088 3539; x_wconf 87' lang='lat' dir='ltr'><strong>through.</strong></span> 
     </span>
     <span class='ocr_line' id='line_1_35' title="bbox 251 3554 1405 3624; baseline 0.002 -18"><span class='ocrx_word' id='word_1_330' title='bbox 251 3556 254 3561; x_wconf 87' lang='lat'>&#39;</span> <span class='ocrx_word' id='word_1_331' title='bbox 303 3561 321 3606; x_wconf 83' lang='lat'><strong>2</strong></span> <span class='ocrx_word' id='word_1_332' title='bbox 351 3555 408 3608; x_wconf 90' lang='lat' dir='ltr'><strong>But</strong></span> <span class='ocrx_word' id='word_1_333' title='bbox 421 3554 452 3617; x_wconf 85' lang='lat' dir='ltr'><strong>if,</strong></span> <span class='ocrx_word' id='word_1_334' title='bbox 472 3555 563 3609; x_wconf 89' lang='lat' dir='ltr'><strong>either</strong></span> <span class='ocrx_word' id='word_1_335' title='bbox 582 3561 613 3608; x_wconf 92' lang='lat' dir='ltr'><strong>to</strong></span> <span class='ocrx_word' id='word_1_336' title='bbox 630 3555 746 3624; x_wconf 88' lang='lat' dir='ltr'><strong>provide</strong></span> <span class='ocrx_word' id='word_1_337' title='bbox 761 3554 884 3624; x_wconf 80' lang='lat' dir='ltr'><strong>security</strong></span> <span class='ocrx_word' id='word_1_338' title='bbox 901 3554 947 3607; x_wconf 82' lang='lat' dir='ltr'><strong>for</strong></span> <span class='ocrx_word' id='word_1_339' title='bbox 968 3554 1017 3608; x_wconf 91' lang='lat' dir='ltr'><strong>the</strong></span> <span class='ocrx_word' id='word_1_340' title='bbox 1035 3554 1238 3617; x_wconf 83' lang='lat' dir='ltr'><strong>merchandire,</strong></span> <span class='ocrx_word' id='word_1_341' title='bbox 1259 3571 1292 3609; x_wconf 89' lang='lat' dir='ltr'><strong>or</strong></span> <span class='ocrx_word' id='word_1_342' title='bbox 1304 3554 1353 3608; x_wconf 77' lang='lat' dir='ltr'><strong>sor</strong></span> <span class='ocrx_word' id='word_1_343' title='bbox 1399 3586 1405 3601; x_wconf 85' lang='lat'><strong>·</strong></span> 
     </span>
     <span class='ocr_line' id='line_1_36' title="bbox 248 3637 1353 3711; baseline 0 -18"><span class='ocrx_word' id='word_1_344' title='bbox 248 3638 305 3693; x_wconf 86' lang='lat' dir='ltr'><strong>this</strong></span> <span class='ocrx_word' id='word_1_345' title='bbox 317 3637 401 3707; x_wconf 87' lang='lat' dir='ltr'><strong>along</strong></span> <span class='ocrx_word' id='word_1_346' title='bbox 415 3638 482 3692; x_wconf 86' lang='lat' dir='ltr'><strong>with</strong></span> <span class='ocrx_word' id='word_1_347' title='bbox 492 3639 575 3693; x_wconf 90' lang='lat' dir='ltr'><strong>other</strong></span> <span class='ocrx_word' id='word_1_348' title='bbox 590 3639 704 3709; x_wconf 90' lang='lat' dir='ltr'><strong>objects,</strong></span> <span class='ocrx_word' id='word_1_349' title='bbox 717 3657 734 3693; x_wconf 88' lang='lat' dir='ltr'><strong>a</strong></span> <span class='ocrx_word' id='word_1_350' title='bbox 746 3638 869 3693; x_wconf 85' lang='lat' dir='ltr'><strong>burthen</strong></span> <span class='ocrx_word' id='word_1_351' title='bbox 882 3638 932 3692; x_wconf 82' lang='lat' dir='ltr'><strong>fall</strong></span> <span class='ocrx_word' id='word_1_352' title='bbox 947 3654 984 3692; x_wconf 94' lang='lat' dir='ltr'><strong>on</strong></span> <span class='ocrx_word' id='word_1_353' title='bbox 993 3639 1042 3694; x_wconf 90' lang='lat' dir='ltr'><strong>the</strong></span> <span class='ocrx_word' id='word_1_354' title='bbox 1054 3646 1181 3710; x_wconf 85' lang='lat' dir='ltr'><strong>country,</strong></span> <span class='ocrx_word' id='word_1_355' title='bbox 1195 3658 1213 3694; x_wconf 90' lang='lat' dir='ltr'><strong>a</strong></span> <span class='ocrx_word' id='word_1_356' title='bbox 1224 3647 1272 3695; x_wconf 83' lang='lat' dir='ltr'><strong>tax</strong></span> <span class='ocrx_word' id='word_1_357' title='bbox 1285 3657 1353 3711; x_wconf 74' lang='lat' dir='ltr'><strong>may</strong></span> 
     </span>
     <span class='ocr_line' id='line_1_37' title="bbox 249 3722 1353 3796; baseline 0.005 -21"><span class='ocrx_word' id='word_1_358' title='bbox 249 3722 285 3776; x_wconf 93' lang='lat' dir='ltr'><strong>ho</strong></span> <span class='ocrx_word' id='word_1_359' title='bbox 301 3723 427 3793; x_wconf 91' lang='lat' dir='ltr'><strong>imposed</strong></span> <span class='ocrx_word' id='word_1_360' title='bbox 449 3739 487 3777; x_wconf 92' lang='lat' dir='ltr'><strong>on</strong></span> <span class='ocrx_word' id='word_1_361' title='bbox 507 3724 557 3778; x_wconf 89' lang='lat' dir='ltr'><strong>the</strong></span> <span class='ocrx_word' id='word_1_362' title='bbox 576 3724 778 3787; x_wconf 89' lang='lat' dir='ltr'><strong>merchandizc,</strong></span> <span class='ocrx_word' id='word_1_363' title='bbox 797 3725 822 3777; x_wconf 83' lang='lat' dir='ltr'><strong>if</strong></span> <span class='ocrx_word' id='word_1_364' title='bbox 834 3725 856 3777; x_wconf 89' lang='lat' dir='ltr'><strong>it</strong></span> <span class='ocrx_word' id='word_1_365' title='bbox 871 3724 907 3778; x_wconf 95' lang='lat' dir='ltr'><strong>do</strong></span> <span class='ocrx_word' id='word_1_366' title='bbox 922 3729 973 3778; x_wconf 92' lang='lat' dir='ltr'><strong>not</strong></span> <span class='ocrx_word' id='word_1_367' title='bbox 983 3742 1020 3794; x_wconf 85' lang='lat' dir='ltr'><strong>go</strong></span> <span class='ocrx_word' id='word_1_368' title='bbox 1034 3726 1147 3796; x_wconf 80' lang='lat' dir='ltr'><strong>beyond</strong></span> <span class='ocrx_word' id='word_1_369' title='bbox 1160 3725 1210 3779; x_wconf 89' lang='lat' dir='ltr'><strong>tho</strong></span> <span class='ocrx_word' id='word_1_370' title='bbox 1224 3742 1353 3780; x_wconf 87' lang='lat' dir='ltr'><strong>measure</strong></span> 
     </span>
     <span class='ocr_line' id='line_1_38' title="bbox 250 3806 1353 3881; baseline 0.004 -20"><span class='ocrx_word' id='word_1_371' title='bbox 250 3808 283 3861; x_wconf 84' lang='lat' dir='ltr'><strong>of</strong></span> <span class='ocrx_word' id='word_1_372' title='bbox 298 3806 348 3861; x_wconf 87' lang='lat' dir='ltr'><strong>tho</strong></span> <span class='ocrx_word' id='word_1_373' title='bbox 369 3823 459 3862; x_wconf 87' lang='lat' dir='ltr'><strong>cause.</strong></span> <span class='ocrx_word' id='word_1_374' title='bbox 505 3808 579 3864; x_wconf 85' lang='lat' dir='ltr'><strong>That</strong></span> <span class='ocrx_word' id='word_1_375' title='bbox 594 3809 617 3862; x_wconf 92' lang='lat' dir='ltr'><strong>is</strong></span> <span class='ocrx_word' id='word_1_376' title='bbox 636 3809 684 3862; x_wconf 90' lang='lat' dir='ltr'><strong>the</strong></span> <span class='ocrx_word' id='word_1_377' title='bbox 699 3825 826 3864; x_wconf 85' lang='lat' dir='ltr'><strong>messuro</strong></span> <span class='ocrx_word' id='word_1_378' title='bbox 846 3809 879 3862; x_wconf 80' lang='lat' dir='ltr'><strong>of</strong></span> <span class='ocrx_word' id='word_1_379' title='bbox 895 3809 944 3863; x_wconf 90' lang='lat' dir='ltr'><strong>the</strong></span> <span class='ocrx_word' id='word_1_380' title='bbox 958 3812 1063 3881; x_wconf 84' lang='lat' dir='ltr'><strong>cquity,</strong></span> <span class='ocrx_word' id='word_1_381' title='bbox 1074 3827 1105 3864; x_wconf 90' lang='lat' dir='ltr'><strong>as</strong></span> <span class='ocrx_word' id='word_1_382' title='bbox 1120 3811 1153 3864; x_wconf 86' lang='lat' dir='ltr'><strong>of</strong></span> <span class='ocrx_word' id='word_1_383' title='bbox 1169 3812 1251 3865; x_wconf 89' lang='lat' dir='ltr'><strong>other</strong></span> <span class='ocrx_word' id='word_1_384' title='bbox 1265 3818 1353 3875; x_wconf 82' lang='lat' dir='ltr'><strong>taxes,</strong></span> 
     </span>
     <span class='ocr_line' id='line_1_39' title="bbox 249 3892 1354 3966; baseline 0.001 -18"><span class='ocrx_word' id='word_1_385' title='bbox 249 3908 281 3948; x_wconf 88' lang='lat' dir='ltr'><strong>so</strong></span> <span class='ocrx_word' id='word_1_386' title='bbox 300 3892 334 3947; x_wconf 86' lang='lat' dir='ltr'><strong>of</strong></span> <span class='ocrx_word' id='word_1_387' title='bbox 350 3892 442 3946; x_wconf 77' lang='lat' dir='ltr'><strong>dulles</strong></span> <span class='ocrx_word' id='word_1_388' title='bbox 463 3909 501 3945; x_wconf 94' lang='lat' dir='ltr'><strong>on</strong></span> <span class='ocrx_word' id='word_1_389' title='bbox 518 3893 721 3948; x_wconf 86' lang='lat' dir='ltr'><strong>merchandize.</strong></span> <span class='ocrx_word' id='word_1_390' title='bbox 760 3895 837 3948; x_wconf 88' lang='lat' dir='ltr'><strong>Thus</strong></span> <span class='ocrx_word' id='word_1_391' title='bbox 853 3895 987 3949; x_wconf 87' lang='lat' dir='ltr'><strong>Solomon</strong></span> <span class='ocrx_word' id='word_1_392' title='bbox 1003 3893 1031 3962; x_wconf 93' lang='lat' dir='ltr'><strong>(l</strong></span> <span class='ocrx_word' id='word_1_393' title='bbox 1044 3897 1133 3966; x_wconf 86' lang='lat' dir='ltr'><strong>Kings</strong></span> <span class='ocrx_word' id='word_1_394' title='bbox 1147 3914 1173 3950; x_wconf 88' lang='lat' dir='ltr'><strong>x.</strong></span> <span class='ocrx_word' id='word_1_395' title='bbox 1192 3895 1239 3962; x_wconf 82' lang='lat'><strong>28)</strong></span> <span class='ocrx_word' id='word_1_396' title='bbox 1261 3896 1318 3949; x_wconf 86' lang='lat' dir='ltr'><strong>had</strong></span> <span class='ocrx_word' id='word_1_397' title='bbox 1336 3913 1354 3949; x_wconf 87' lang='lat' dir='ltr'><strong>a</strong></span> 
     </span>
     <span class='ocr_line' id='line_1_40' title="bbox 249 3976 1352 4049; baseline 0.004 -18"><span class='ocrx_word' id='word_1_398' title='bbox 249 3983 298 4032; x_wconf 85' lang='lat' dir='ltr'><strong>tax</strong></span> <span class='ocrx_word' id='word_1_399' title='bbox 318 3992 395 4048; x_wconf 91' lang='lat' dir='ltr'><strong>upon</strong></span> <span class='ocrx_word' id='word_1_400' title='bbox 418 3976 514 4031; x_wconf 86' lang='lat' dir='ltr'><strong>horsea</strong></span> <span class='ocrx_word' id='word_1_401' title='bbox 534 3979 590 4032; x_wconf 90' lang='lat' dir='ltr'><strong>and</strong></span> <span class='ocrx_word' id='word_1_402' title='bbox 605 3979 683 4032; x_wconf 85' lang='lat' dir='ltr'><strong>ilnen</strong></span> <span class='ocrx_word' id='word_1_403' title='bbox 696 3995 766 4049; x_wconf 87' lang='lat' dir='ltr'><strong>yarn</strong></span> <span class='ocrx_word' id='word_1_404' title='bbox 789 3979 878 4033; x_wconf 76' lang='lat' dir='ltr'><strong>thch</strong></span> <span class='ocrx_word' id='word_1_405' title='bbox 900 3981 998 4049; x_wconf 86' lang='lat' dir='ltr'><strong>passed</strong></span> <span class='ocrx_word' id='word_1_406' title='bbox 1016 3981 1065 4035; x_wconf 90' lang='lat' dir='ltr'><strong>tho</strong></span> <span class='ocrx_word' id='word_1_407' title='bbox 1083 3981 1201 4036; x_wconf 86' lang='lat' dir='ltr'><strong>isthmus</strong></span> <span class='ocrx_word' id='word_1_408' title='bbox 1217 3981 1250 4035; x_wconf 82' lang='lat' dir='ltr'><strong>of</strong></span> <span class='ocrx_word' id='word_1_409' title='bbox 1270 3982 1352 4036; x_wconf 79' lang='lat' dir='ltr'><strong>Sues.</strong></span> 
     </span>
     <span class='ocr_line' id='line_1_41' title="bbox 250 4061 1355 4135; baseline 0.004 -18"><span class='ocrx_word' id='word_1_410' title='bbox 250 4062 290 4117; x_wconf 84' lang='lat' dir='ltr'><strong>So</strong></span> <span class='ocrx_word' id='word_1_411' title='bbox 305 4061 407 4117; x_wconf 89' lang='lat' dir='ltr'><strong>transit</strong></span> <span class='ocrx_word' id='word_1_412' title='bbox 430 4061 500 4134; x_wconf 81' lang='lat' dir='ltr'><strong>duty</strong></span> <span class='ocrx_word' id='word_1_413' title='bbox 520 4080 575 4117; x_wconf 80' lang='lat' dir='ltr'><strong>was</strong></span> <span class='ocrx_word' id='word_1_414' title='bbox 594 4064 751 4117; x_wconf 90' lang='lat' dir='ltr'><strong>demanded</strong></span> <span class='ocrx_word' id='word_1_415' title='bbox 768 4064 807 4135; x_wconf 80' lang='lat' dir='ltr'><strong>by</strong></span> <span class='ocrx_word' id='word_1_416' title='bbox 821 4064 870 4117; x_wconf 89' lang='lat' dir='ltr'><strong>the</strong></span> <span class='ocrx_word' id='word_1_417' title='bbox 886 4064 1047 4130; x_wconf 85' lang='lat' dir='ltr'><strong>Gebanitos,</strong></span> <span class='ocrx_word' id='word_1_418' title='bbox 1064 4067 1229 4131; x_wconf 83' lang='lat' dir='ltr'><strong>Massiliens,</strong></span> <span class='ocrx_word' id='word_1_419' title='bbox 1256 4067 1355 4121; x_wconf 86' lang='lat' dir='ltr'><strong>Coriu-</strong></span> 
     </span>
     <span class='ocr_line' id='line_1_42' title="bbox 248 4148 1360 4223; baseline 0.004 -21"><span class='ocrx_word' id='word_1_420' title='bbox 248 4148 351 4212; x_wconf 85' lang='lat' dir='ltr'><strong>thians,</strong></span> <span class='ocrx_word' id='word_1_421' title='bbox 365 4148 498 4202; x_wconf 87' lang='lat' dir='ltr'><strong>Romans.</strong></span> <span class='ocrx_word' id='word_1_422' title='bbox 544 4148 609 4202; x_wconf 81' lang='lat' dir='ltr'><strong>And</strong></span> <span class='ocrx_word' id='word_1_423' title='bbox 623 4148 673 4203; x_wconf 88' lang='lat' dir='ltr'><strong>the</strong></span> <span class='ocrx_word' id='word_1_424' title='bbox 685 4150 782 4218; x_wconf 82' lang='lat' dir='ltr'><strong>jurleta</strong></span> <span class='ocrx_word' id='word_1_425' title='bbox 794 4150 865 4204; x_wconf 83' lang='lat' dir='ltr'><strong>hare</strong></span> <span class='ocrx_word' id='word_1_426' title='bbox 880 4150 964 4204; x_wconf 92' lang='lat' dir='ltr'><strong>much</strong></span> <span class='ocrx_word' id='word_1_427' title='bbox 980 4159 1008 4205; x_wconf 91' lang='lat' dir='ltr'><strong>to</strong></span> <span class='ocrx_word' id='word_1_428' title='bbox 1024 4168 1074 4223; x_wconf 81' lang='lat' dir='ltr'><strong>say</strong></span> <span class='ocrx_word' id='word_1_429' title='bbox 1085 4152 1118 4206; x_wconf 82' lang='lat' dir='ltr'><strong>of</strong></span> <span class='ocrx_word' id='word_1_430' title='bbox 1129 4151 1178 4206; x_wconf 93' lang='lat' dir='ltr'><strong>tho</strong></span> <span class='ocrx_word' id='word_1_431' title='bbox 1193 4169 1309 4223; x_wconf 76' lang='lat' dir='ltr'><strong>passage</strong></span> <span class='ocrx_word' id='word_1_432' title='bbox 1325 4152 1360 4206; x_wconf 80' lang='lat' dir='ltr'><strong>of</strong></span> 
     </span>
     <span class='ocr_line' id='line_1_43' title="bbox 250 4251 346 4288; baseline -0.021 0"><span class='ocrx_word' id='word_1_433' title='bbox 250 4251 346 4288; x_wconf 74' lang='lat' dir='ltr'><strong>rivers.</strong></span> 
     </span>
    </p>

    <p class='ocr_par' dir='ltr' id='par_1_15' title="bbox 307 4308 1352 4396">
     <span class='ocr_line' id='line_1_44' title="bbox 307 4308 1352 4396; baseline 0.003 -22"><span class='ocrx_word' id='word_1_434' title='bbox 307 4326 324 4374; x_wconf 81' lang='lat'><strong>3</strong></span> <span class='ocrx_word' id='word_1_435' title='bbox 353 4321 410 4373; x_wconf 91' lang='lat' dir='ltr'><strong>But</strong></span> <span class='ocrx_word' id='word_1_436' title='bbox 425 4308 565 4396; x_wconf 43' lang='lat' dir='ltr'><strong>this-limit</strong></span> <span class='ocrx_word' id='word_1_437' title='bbox 577 4319 599 4373; x_wconf 90' lang='lat' dir='ltr'><strong>is</strong></span> <span class='ocrx_word' id='word_1_438' title='bbox 613 4318 691 4373; x_wconf 80' lang='lat' dir='ltr'><strong>often</strong></span> <span class='ocrx_word' id='word_1_439' title='bbox 703 4320 911 4389; x_wconf 76' lang='lat' dir='ltr'><strong>transgressed3</strong></span> <span class='ocrx_word' id='word_1_440' title='bbox 929 4339 959 4376; x_wconf 88' lang='lat' dir='ltr'><strong>ns</strong></span> <span class='ocrx_word' id='word_1_441' title='bbox 971 4323 1009 4393; x_wconf 78' lang='lat' dir='ltr'><strong>by</strong></span> <span class='ocrx_word' id='word_1_442' title='bbox 1021 4322 1070 4377; x_wconf 92' lang='lat' dir='ltr'><strong>the</strong></span> <span class='ocrx_word' id='word_1_443' title='bbox 1084 4322 1206 4376; x_wconf 75' lang='lat' dir='ltr'><strong>Arabian</strong></span> <span class='ocrx_word' id='word_1_444' title='bbox 1219 4321 1317 4377; x_wconf 79' lang='lat' dir='ltr'><strong>chIeis.</strong></span> <span class='ocrx_word' id='word_1_445' title='bbox 1340 4341 1352 4350; x_wconf 84' lang='grc'><strong>·’</strong></span> 
     </span>
    </p>
   </div>
   <div class='ocr_carea' id='block_1_12' title="bbox 0 0 1449 4906">
    <p class='ocr_par' dir='ltr' id='par_1_16' title="bbox 0 0 1449 4906">
     <span class='ocr_line' id='line_1_45' title="bbox 0 0 1449 4906; baseline 0 0"><span class='ocrx_word' id='word_1_446' title='bbox 0 0 1449 4906; x_wconf 95' lang='lat' dir='ltr'><strong> </strong></span> 
     </span>
    </p>
   </div>
  </div>
 </body>
</html>
