2866 4906
151 233 219 289 Cer.
234 228 313 302 vlt]
425 232 516 297 QUAE
537 232 601 287 FIT
623 232 700 287 PER
722 231 865 297 LEGEM,
886 233 968 288 ETO.
1186 223 1250 287 353

149 420 243 464 causa
274 397 471 484 precedente
495 395 658 484 probabili,
691 395 860 462 dominium
885 394 976 461 elicui
1009 417 1099 459 suum
1126 396 1253 463 auferre

148 520 236 564 mera
251 496 365 585 injuria
379 505 436 566 est.
478 497 565 561 Bene
580 495 746 583 Euripides
758 497 887 562 Helena
904 496 997 578 (vere.
1016 497 1114 580 456):

322 617 442 688 Naucydr
455 611 516 683 ἥκω,
532 613 612 683 ξένος,
626 612 760 683 ἀσύλητον
772 612 854 686 γένος.

322 720 393 775 Sum
406 718 568 790 naufragus,
582 706 722 789 bspoliare
737 717 813 789 quod
827 733 916 789 genus
930 722 974 772 eet
987 717 1076 773 nefee.

153 831 249 909 Quod
264 830 349 895 mim
357 829 416 914 jue
428 829 524 894 habet
532 829 634 911 mmm
651 826 763 911 (verba
774 834 848 892 eunt
861 826 1069 912 Constantini)
1084 786 1383 940 inkalimapgfsto

148 931 349 1006 calamitate,
377 940 415 994 ut
442 929 479 992 io
505 950 541 993 re
568 939 635 992 tam
663 927 811 993 luctaoea
836 929 1059 1011 compendium
1085 929 1251 996 secretae?

148 1027 233 1091 Dion
255 1025 445 1093 Prueeoeneie
467 1026 607 1092 oratione
624 1046 678 1091 ιιι.
701 1026 741 1091 de
762 1024 926 1114 naufragio
948 1024 1088 1093 locutusr
1111 1024 1156 1108 μή
1178 1027 1248 1123 ’γὰρ
1262 1061 1360 1103 ria,

148 1129 199 1207 εἴη
214 1123 310 1203 ποτὲ,
332 1119 448 1202 ὦΖεῦ,
464 1123 588 1212 λαβεῖν
608 1117 685 1206 μηδὲ
707 1117 856 1217 trepddvm
878 1117 990 1216 κέρδος
1006 1128 1158 1194 τοιοῦτον
1181 1124 1249 1196 a'rrd

147 1220 324 1318 ἀνθρώπων
343 1220 530 1319 δυστυχίας·
556 1226 661 1300 Absit,
679 1248 698 1290 o
714 1227 857 1311 Jupiter,
877 1237 916 1289 ut
938 1225 1063 1292 luorum
1082 1240 1251 1314 capiemur

147 1328 213 1393 tale
230 1348 270 1391 ea
286 1328 450 1392 bominum
466 1326 656 1410 infortunia.

222 1424 265 1490 11.
310 1428 329 1490 1
365 1426 453 1514 Lege
477 1432 610 1498 naturae,
633 1443 704 1508 qnae
725 1445 766 1489 ex
787 1421 856 1510 ipea
871 1423 998 1490 dominii
1018 1435 1134 1493 natura
1154 1447 1192 1492 uc
1215 1425 1248 1495 vi

147 1522 295 1611 seqnitur,
311 1523 477 1611 dupliciter
492 1521 528 1587 fit
544 1520 699 1598 alienatio,
716 1522 891 1609 expletione
898 1522 980 1611 jurio
996 1533 1030 1590 et
1045 1525 1245 1594 successione.

144 1622 331 1710 Expletione
342 1621 424 1710 jurio
446 1620 482 1688 fit
503 1619 658 1697 alienatio,
676 1621 797 1707 quotics
814 1621 896 1688 ¹loco
918 1622 966 1689 rei
987 1646 1075 1702 meae,
1098 1633 1155 1692 ant
1170 1626 1247 1692 mihi

144 1722 269 1799 debitae,
292 1744 363 1787 cum
385 1742 455 1788 cem
471 1720 572 1808 ipsam
594 1719 740 1806 consequi
761 1741 825 1785 non
844 1742 978 1808 poenum,
996 1724 1098 1791 ‘aliud
1120 1732 1248 1791 tantun-

142 1822 214 1888 dem
240 1822 346 1888 mlene
369 1819 487 1909 accipio
512 1820 555 1885 ab
580 1841 618 1885 eo
643 1819 698 1905 qni
720 1841 789 1885 rem
813 1842 914 1886 meam
939 1823 1068 1904 detinet,
1095 1823 1148 1890 rel
1169 1823 1247 1892 mihi

142 1991 263 2052 legantur,
275 1991 373 2037 omnino
388 1991 521 2047 abundant,
534 1995 560 2038 et
576 2002 668 2036 cermo-
717 1993 787 2036 mma
798 1989 922 2048 debitara,
936 2006 982 2038 nan
991 1992 1067 2039 eclam
1077 2006 1163 2050 rerum,
1172 1993 1216 2041 ced
1223 1997 1247 2042 et

143 2081 198 2113 nem
208 2067 336 2113 admodum
346 2066 574 2113 hiulcumeffloiunt.
589 2065 668 2111 Nimi-
717 2064 770 2111 nita
782 2078 838 2112 taoe.
879 2066 1042 2113 Tertullianne
1058 2068 1121 2115 idem
1137 2073 1246 2115 tractans

143 2154 206 2197 rum,
222 2144 250 2187 ut
261 2140 320 2186 mihi
335 2140 417 2187 videor
425 2140 583 2200 probabiliter
591 2139 669 2200 conji-
716 2140 822 2186 necundo
832 2140 944 2187 adverene
950 2142 1096 2189 Marcionem
1107 2142 1181 2204 (Cep.
1189 2143 1248 2205 20):

143 2230 206 2273 aere,
213 2217 307 2263 Auctor
314 2215 395 2262 atatim
402 2215 511 2261 voluerat
520 2215 607 2273 dicere,
617 2215 669 2262 loco
717 2214 851 2275 Reposcunt
870 2216 984 2277 Egyptii
1002 2217 1031 2264 de
1053 2218 1162 2266 Hebraeie
1183 2233 1245 2266 oasa

142 2292 217 2348 illim,
234 2290 299 2352 quod
317 2305 391 2337 meum
411 2296 452 2348 eet,
465 2291 503 2337 eei
517 2290 583 2351 quod
594 2305 668 2336 meum
716 2296 953 2352 curmetarqmtea.
978 2290 1076 2350 Contra,
1085 2293 1184 2341 Hebraei
1192 2308 1244 2340 mu·

140 2366 244 2413 nondum
264 2363 515 2422 macomariam
533 2363 604 2420 debet,
622 2368 668 2412 eto.
716 2369 772 2410 tuae
777 2366 903 2424 petitiones
911 2366 1044 2422 emarcum,
1058 2366 1245 2428 allegarimibi

141 2443 230 2489 Postea
238 2440 413 2497 animadvertit,
422 2440 517 2486 breviue
529 2438 575 2484 dici
585 2452 667 2499 poene:
715 2439 831 2486 maceda
840 2439 934 2486 restitui
940 2441 1121 2500 oportereilliue
1127 2443 1244 2503 operaria

141 2517 192 2564 loco
208 2517 244 2563 rei
256 2531 320 2573 mea,
333 2520 376 2562 aut
391 2515 450 2561 mihi
465 2515 566 2562 motta.-
590 2529 666 2575 quum
714 2515 851 2561 comitatio:
868 2519 894 2560 et
904 2515 1011 2561 ostendit
1021 2515 1099 2562 minue
1113 2517 1244 2564 multoex.

140 2594 216 2653 igitur
225 2591 351 2638 brevitatis
361 2594 425 2637 eeeet
433 2590 668 2647 studiosissimum
715 2593 795 2636 actum
812 2603 884 2649 quam
900 2590 1042 2637 debebatur.
1073 2591 1156 2651 [Adde
1173 2591 1242 2640 Cen-

141 2681 237 2728 quoque
250 2665 368 2724 mutavit3
384 2665 425 2710 ned
435 2663 524 2710 obiitne
533 2669 571 2710 eet
585 2664 666 2712 delere
714 2676 796 2713 narr.
805 2664 961 2712 Araxenon.
979 2664 1065 2713 Sirone
1078 2667 1131 2716 Lib.
1144 2682 1162 2715 1.
1174 2671 1241 2719 o23.

139 2742 256 2788 nonnulla
272 2755 303 2787 ex
318 2739 348 2785 iie
357 2752 412 2799 qum
423 2738 475 2798 jam
488 2739 624 2798 scripserat,
641 2743 667 2787 et
714 2754 739 2801 p.
748 2742 802 2789 415.
816 2741 866 2787 Ed.
879 2740 970 2803 Orare]
1001 2743 1062 2792 Cum
1073 2744 1110 2790 bie
1121 2744 1243 2793 coherent

141 2832 195 2878 qum
206 2815 365 2863 ionanetiam
376 2815 452 2860 fusim
461 2818 667 2874 conceptnernnt.
713 2827 750 2870 ea,
763 2829 817 2875 qum
827 2815 938 2862 dicentur
950 2815 1013 2862 libro
1024 2830 1065 2864 ιιι.
1076 2832 1097 2863 c.
1109 2821 1146 2865 11.
1178 2818 1241 2879 [De-

141 2891 205 2937 Vidc
220 2886 607 2947 inira,Lib.111.oep.xi1.§16.
622 2888 666 2934 ubl
713 2888 769 2946 leri,
793 2889 858 2949 qnod
874 2889 925 2950 jam
942 2890 969 2936 in
989 2894 1106 2939 contextu
1127 2893 1241 2953 potitum,

136 2966 209 3026 plane
228 2964 312 3011 eodem
326 2962 398 3008 modo
412 2961 528 3022 loquitur,
544 2962 600 3009 dum
616 2962 665 3009 huc
712 2963 844 3024 repetierat
859 2964 912 3011 heic
927 2966 1030 3026 Auctor,
1042 2967 1179 3028 exemplum
1189 2970 1243 3016 He.

136 3040 247 3088 remittit.
276 3038 305 3085 J.
314 3038 347 3084 B.
712 3037 795 3096 aionei,
812 3052 842 3086 ex
856 3039 936 3087 Dion.
954 3041 1050 3088 sicano
1065 3043 1184 3102 petitum:
1198 3044 1240 3091 ubi

179 3125 190 3150 ⁶
204 3115 281 3162 Aliud
286 3113 420 3162 tantundem
429 3111 520 3172 calm]
536 3112 599 3160 Vide
608 3127 663 3173 qum
712 3117 801 3171 umen,
816 3128 861 3174 pro
877 3117 1013 3174 Ἠσιονεὺς,
1029 3118 1158 3179 legendnm
1170 3118 1240 3167 ‘Hro-

135 3193 199 3239 inira
209 3191 272 3237 libro
282 3203 322 3236 ιιι.
334 3186 463 3247 caiigo.
494 3188 534 3235 sio
549 3189 602 3248 ipeo
617 3203 662 3234 na·
711 3188 1239 3253 vete,Eioneue,utndllygin.Falul.156‚

135 3272 197 3313 turm
209 3266 265 3324 jure
284 3262 393 3309 defendit
412 3261 529 3306 Hebraeae
546 3262 662 3315 Irenaeue,
711 3262 846 3308 observarit
856 3263 1010 3322 Munolrerue,
1026 3272 1052 3312 et
1066 3266 1158 3312 dudum
1168 3272 1241 3315 antea

135 3340 205 3398 (Lib.
219 3350 253 3383 rw.
264 3337 329 3384 ata
340 3336 414 3380 Mane.
422 3333 475 3386 30),
486 3334 550 3392 quod
560 3334 585 3379 in
596 3348 662 3381 oom-
711 3337 1063 3395 observaveratblezirieeue,in
1071 3341 1152 3387 Ovidii
1158 3342 1239 3403 Epioe.

134 3411 301 3473 pensationem
323 3421 403 3468 operte
425 3420 465 3453 ree
487 3408 661 3467 AEgyptiornm
710 3423 734 3469 p.
745 3411 797 3457 rol.
809 3409 840 3458 Τ.
851 3423 870 3457 1.
881 3423 980 3472 nuperae
990 3412 1058 3463 Edit.
1087 3414 1168 3481 .Ῑ.Β.]

135 3485 252 3546 ceperint.
281 3481 396 3543 AEqyptii
404 3481 472 3539 mim,
480 3481 568 3541 inquit,
575 3483 663 3541 populi

132 3698 269 3772 probable
282 3698 435 3770 preceding
449 3715 541 3762 cauea,
556 3705 586 3755 to
601 3699 668 3756 take
683 3718 762 3774 away
775 3702 850 3758 from
864 3721 921 3776 any
932 3721 988 3760 one
1001 3704 1045 3762 hie
1058 3707 1135 3779 right
1148 3714 1179 3765 te
1192 3709 1238 3767 hie

132 3804 195 3842 own
213 3792 349 3858 property
366 3785 390 3840 ie
407 3802 485 3841 mere
502 3803 606 3859 wrong.
651 3787 691 3843 So
708 3789 866 3862 Euripides,
885 3790 1078 3859 Constantine,
1095 3794 1152 3851 Dio
1165 3798 1237 3853 Pru-

130 3873 251 3929 aoecneie.
282 3869 374 3940 [See]

184 3960 223 4015 11.
262 3964 276 4012 1
310 3960 354 4031 By
368 3958 418 4012 the
431 3960 498 4014 Low
512 3959 547 4014 of
557 3961 676 4026 Nature,
690 3959 781 4016 which
795 3961 903 4018 follows
917 3963 991 4018 from
1006 3964 1055 4021 the
1066 3971 1167 4023 nature
1178 3968 1236 4024 and

130 4044 209 4101 force
222 4044 257 4100 of
268 4044 433 4117 ownerehip,
447 4045 600 4102 alienation
614 4048 638 4102 ie
652 4047 736 4103 mede
749 4049 780 4102 in
796 4055 852 4105 two
866 4065 948 4122 ways,
962 4049 1001 4123 by
1014 4050 1089 4124 legal
1102 4069 1237 4126 compen-

130 4132 222 4185 cation
236 4130 294 4184 and
307 4131 345 4201 by
359 4131 524 4186 succession.

184 4213 345 4271 Alienation
362 4216 442 4272 takes
460 4217 542 4289 place
560 4217 598 4290 by
616 4218 688 4290 legal
707 4221 928 4292 compensation,
941 4237 972 4275 ae
987 4220 1067 4277 often
1080 4239 1120 4288 ae,
1140 4222 1170 4277 in
1184 4222 1235 4280 the

130 4300 211 4371 piaco
226 4301 259 4355 oi
270 4319 288 4355 a
301 4301 382 4374 thing
396 4302 487 4358 which
501 4304 525 4358 ie
539 4305 615 4360 mine
630 4321 663 4360 or
677 4306 701 4360 ie
715 4305 806 4378 owing
820 4313 851 4363 to
865 4323 920 4372 mc,
935 4305 1016 4361 when
1031 4308 1046 4361 I
1060 4314 1165 4364 cannot
1182 4309 1235 4364 ob-

129 4386 191 4443 tain
204 4386 254 4442 the
267 4385 347 4460 thing
364 4388 449 4457 iteclf,
466 4389 481 4443 1
495 4391 604 4447 receive
622 4390 743 4449 another
756 4393 837 4469 thing
854 4392 888 4449 oi
903 4393 952 4451 the
969 4409 1047 4450 seme
1061 4394 1143 4450 velue
1159 4394 1235 4453 from

1087 4493 1131 4560 23

232 4528 371 4626 [onom
