2866 4906
251 146 315 211 214
497 155 548 211 BE
569 154 685 210 13an
706 151 850 220 canem,
871 154 922 209 ET
943 153 1101 210 PRIMUM
1226 150 1298 223 [Ine.
1311 155 1351 210 11.

251 343 320 388 eum
337 327 448 409 sponte
465 326 498 387 et
513 328 628 387 natura
643 325 752 384 nostra
768 317 810 384 ad
833 339 902 384 eam
923 318 1070 384 feramur.
1110 318 1157 384 Ut
1181 340 1257 384 vero
1281 341 1351 385 meo

251 421 342 487 unius
369 420 449 487 bono
476 420 644 486 multorum
670 417 838 484 admodum
870 418 985 483 bonum
1019 417 1206 504 praeieram;
1236 418 1352 485 caritas

86 536 223 623 spamae
252 527 357 586 monet
379 542 472 608 sape,
497 520 631 607 imperat
655 518 820 583 interdum.
871 517 933 582 Hie
953 515 1030 582 illud
1052 515 1179 582 Seneeae
1195 517 1351 604 pertinet.

251 621 451 705 'Principes
472 641 630 703 neposque,
656 629 687 683 οι
704 619 899 703 quicumque
915 618 984 681 alio
998 618 1125 682 nemim
1141 627 1216 682 snut
1232 628 1353 685 totores

252 731 359 787 status
377 720 517 805 publici,
540 740 605 784 non
629 729 676 783 est
696 719 817 781 mirum
835 718 948 781 amari
968 717 1061 781 altra
1070 717 1229 801 privam
1251 719 1353 782 eliam

251 820 508 885 omnesomnes.
552 818 647 882 Nam
668 818 700 882 si
721 818 814 882 sanis
835 816 1018 881 hominibus
1038 816 1178 901 publiea
1204 816 1353 901 privatis

247 919 383 1003 potiora
407 929 492 994 eunt,
517 917 673 1002 seqnitur,
696 926 734 979 οι
756 917 788 980 ie
809 935 932 1001 quoqne
954 915 1065 980 carior
1079 915 1136 992 sit,
1158 915 1195 978 in
1211 937 1303 998 quem
1319 937 1354 982 so

84 1032 209 1119 nfgnet.
252 1018 435 1102 respublica
461 1017 626 1081 οοοοονιιι
676 1012 877 1078 Ambrosius:
902 1014 979 1078 Sibi
1003 1035 1075 1078 enm
1101 1015 1235 1098 quisque
1262 1016 1353 1081 orbi-

253 1127 357 1182 eretur
370 1117 503 1201 oratioe
518 1116 649 1180 excidio
663 1114 788 1198 patries
804 1113 973 1198 depulisee,
996 1133 1094 1194 quum
1105 1115 1251 1197 propria
1260 1116 1353 1199 peri-

70 1231 196 1322 masam
251 1215 337 1281 enee.
388 1215 422 1279 Is
444 1234 535 1299 quem
560 1211 626 1278 dixi
649 1212 786 1277 Seneca:
816 1212 1030 1278 Callistratus
1054 1223 1084 1276 οι
1109 1212 1271 1297 Rutilios,
1297 1214 1353 1278 hio

250 1312 397 1389 Athenis,
417 1315 474 1380 ille
490 1316 611 1389 Roma,
635 1312 731 1376 reddi
751 1311 817 1376 sibi
826 1323 964 1396 penates
979 1328 1054 1376 astos
1068 1311 1242 1377 noluerunt
1258 1314 1353 1378 clodo

251 1414 434 1479 eommunis
457 1414 538 1495 qnia
563 1412 669 1478 satius
694 1421 768 1475 erat
792 1411 874 1476 deos
901 1410 999 1476 umiae
1021 1410 1110 1474 molo
1132 1412 1228 1496 affici,
1253 1433 1353 1495 paam

250 1533 358 1579 οοοιοο
376 1513 519 1599 publiea

327 1610 369 1677 X.
405 1614 424 1676 1
461 1609 496 1676 Si
520 1609 569 1675 eui
591 1606 762 1695 perieulum
779 1606 938 1672 immineat
953 1606 1142 1694 accipiendae
1158 1607 1268 1695 alapa,
1294 1616 1352 1675 aut

251 1707 327 1775 mali
350 1709 466 1787 similis,
492 1708 564 1775 huie
589 1727 713 1795 quoque
729 1705 783 1792 jus
805 1727 873 1772 esse
896 1706 930 1772 id
953 1706 1082 1772 ereendi
1104 1728 1173 1772 eum
1190 1707 1276 1773 eade
1292 1706 1352 1773 ini-

83 1818 226 1906 melego·
252 1807 333 1886 miei,
365 1817 438 1875 eunt
471 1807 524 1895 qui
557 1815 678 1895 putant.
740 1805 821 1894 Ego,
860 1804 886 1871 si
919 1826 1008 1871 mera
1039 1804 1162 1893 justitie
1195 1806 1351 1893 explainix

113 1913 195 1996 ξω,
182 1868 445 1999 1ἴώθιοορὶοἱιιιιιιη
468 1928 531 1973 non
555 1905 710 1972 dissentio.
747 1905 949 2019 Quanquam
979 1904 1062 1971 enim
1086 1905 1252 1991 inaequalia
1276 1915 1352 1972 sunt

108 2003 214 2044 ‘'m“
252 2028 336 2072 mors
360 2015 394 2074 οι
417 2006 519 2094 alapa,
545 2013 651 2072 mmen
667 2004 721 2091 qui
746 2002 859 2091 injuria
881 2025 932 2070 me
950 2013 1044 2091 parat
1067 2004 1235 2082 sffioere,
1225 2026 1252 2070 rs
1274 2005 1351 2069 mihi

82 2051 223 2181 affl*
250 2126 288 2172 eo
304 2105 371 2194 ipso
387 2104 468 2171 dai
454 2127 516 2193 jus,
534 2104 593 2170 hoe
609 2112 666 2181 est,
684 2103 880 2169 'laenltatem
897 2103 1053 2190 quandam
1070 2103 1219 2168 moralem
1235 2102 1351 2169 adser-

291 2279 455 2342 tPrineipee
473 2279 594 2342 sepesque]
630 2280 775 2328 Plutarchus
823 2277 1176 2338 Proindeqninorteproprin
1184 2278 1352 2326 dominumve

247 2355 374 2416 Pelopidoe
391 2356 460 2403 initio
475 2355 544 2416 (peg-
559 2357 605 2402 278
617 2354 665 2412 n):
684 2354 775 2413 alpensis
824 2357 924 2401 amorle
937 2353 1060 2410 redimenti,
1074 2360 1136 2401 reete
1150 2354 1242 2414 quidem
1255 2355 1350 2415 hocse-

246 2433 351 2491 oepoirou
377 2430 453 2491 ἔργον
483 2429 571 2489 σώζειν
595 2429 642 2475 τὸν
669 2427 774 2474 ἅπαντα
823 2429 1123 2490 nominenumine
1132 2430 1351 2491 anianensem

246 2505 318 2552 ἄλλο’
333 2503 458 2564 σιὸζοντα·
478 2503 583 2564 primum
601 2502 697 2549 nimiis
715 2515 774 2560 opus
823 2502 984 2551 liberationem
1002 2505 1087 2552 alam
1106 2506 1215 2566 emporis
1230 2508 1255 2552 in
1275 2520 1351 2553 causa

246 2583 480 2626 senonem-saniem
491 2583 585 2624 eoeterm
617 2576 773 2622 Cassiodorus
823 2579 981 2626 oomlituunt:
1003 2594 1054 2627 eum
1074 2582 1134 2628 enim
1152 2581 1187 2628 eie
1208 2584 1351 2630 οοιιιοίοιιιίο

247 2654 276 2701 de
290 2652 564 2701 lasciuissimus
579 2653 699 2699 oculorum
709 2651 774 2698 eose-
823 2653 900 2709 dietet,
911 2653 1056 2714 pnodjidem
1072 2655 1173 2702 mininie
1187 2658 1237 2703 suis
1252 2657 1351 2705 debeant

246 2728 303 2788 quio
319 2728 437 2774 vibratum
453 2727 479 2773 in
497 2726 567 2773 aliud
581 2726 705 2772 meminens
721 2739 773 2771 sen-
823 2728 1351 2790 exhibereoidetureliemeoneonumrotioni,

247 2805 305 2850 serii
324 2803 431 2864 eludium
450 2803 611 2855 imminentem,
632 2802 687 2860 ipsa
706 2815 773 2847 mum
822 2804 887 2865 quod
900 2819 947 2852 sne
959 2807 1012 2853 uite
1026 2808 1147 2866 corporali
1160 2809 1233 2854 eitam
1243 2809 1350 2856 domino-

246 2879 340 2924 minime
359 2877 484 2923 discrimen
503 2875 630 2932 emendem,
648 2875 706 2935 plue
726 2877 773 2922 alii
822 2880 983 2926 rumdeleant
992 2881 1117 2941 anteferre.
1146 2882 1241 2929 Deinde
1251 2897 1349 2931 rursus:

247 2966 318 3012 ᾳιιοιι
327 2952 374 2999 eiii
383 2950 686 3012 timeumyladiumeseipit.
700 2952 774 3001 Poste
822 2952 956 3000 Dilectione
964 2954 1084 3016 itaquaet
1098 2957 1199 3004 maxime
1209 2970 1258 3017 pro
1269 2958 1349 3005 ιαιιιιι

247 3205 323 3278 only,
334 3204 358 3260 is
371 3203 451 3269 false,
464 3201 522 3257 aud
539 3200 661 3273 rejected
672 3199 710 3273 by
724 3198 774 3256 the
787 3201 921 3258 soundest
931 3203 1141 3275 philosophema
1158 3203 1205 3260 ior
1221 3221 1262 3260 we
1276 3205 1349 3260 have

247 3309 266 3347 a
279 3291 391 3347 natural
402 3290 542 3361 tendeney
553 3294 584 3343 to
596 3286 761 3359 friendship.
789 3287 855 3341 And
867 3286 955 3344 thatI
969 3289 1068 3344 should
1080 3290 1175 3361 prefer
1187 3295 1217 3344 ιο
1229 3308 1276 3362 my
1288 3291 1349 3346 sole

247 3379 321 3450 good
335 3377 385 3432 the
398 3376 472 3448 good
488 3375 522 3430 oi
536 3391 629 3446 many,
646 3373 835 3429 benevolenoo
849 3374 928 3429 often
943 3376 1079 3441 oounsels,
1097 3377 1257 3431 sometimes
1272 3393 1348 3432 eom·

247 3463 355 3517 mands.
393 3463 432 3516 So
448 3463 556 3517 Seneca
569 3460 626 3515 and
638 3459 783 3515 Ambrose.
823 3455 913 3529 [See]

302 3548 340 3601 X.
377 3552 391 3600 1
420 3549 450 3601 Ii
461 3564 516 3618 any
530 3562 585 3600 one
601 3546 638 3601 bo
652 3546 682 3600 in
699 3546 806 3616 danger
825 3545 860 3600 oi
875 3547 1015 3617 receiving
1030 3563 1048 3600 a
1061 3545 1159 3611 buffet,
1174 3562 1207 3601 or
1225 3546 1275 3602 tho
1290 3548 1347 3603 like

247 3632 310 3696 evil,
324 3648 402 3687 some
421 3631 489 3686 hold
508 3631 571 3685 thet
587 3630 623 3686 he
640 3630 691 3686 has
706 3649 724 3686 a
742 3630 818 3703 right
838 3638 868 3686 ιο
886 3638 997 3703 proteat
1011 3631 1126 3687 himself
1141 3633 1179 3705 hy
1190 3633 1290 3704 killing
1304 3633 1347 3689 his

246 3733 356 3789 enemy.
392 3716 423 3771 If
439 3716 545 3788 merely
565 3717 717 3772 correctius
734 3717 838 3788 justice
856 3717 892 3772 be
911 3718 1056 3789 regarded,
1074 3719 1141 3773 Ido
1159 3725 1211 3773 not
1231 3719 1346 3774 dissent.

245 3803 304 3858 For
318 3801 426 3873 though
440 3819 458 3856 a
471 3802 561 3856 buffet
572 3803 629 3856 end
643 3802 727 3858 death
743 3819 791 3867 ere
803 3820 871 3875 very
881 3804 1011 3874 uneqnnl,
1025 3809 1074 3875 yet
1087 3803 1124 3859 he
1138 3805 1200 3859 who
1217 3805 1241 3859 is
1260 3804 1348 3860 about

246 3893 277 3943 to
290 3887 327 3942 do
342 3903 388 3942 me
406 3904 444 3941 au
460 3888 561 3958 injury,
581 3887 699 3960 thareby
713 3889 789 3960 gives
801 3905 847 3944 me
857 3905 875 3942 a
889 3889 985 3961 Right,
1000 3889 1063 3944 thet
1081 3891 1104 3944 is
1124 3908 1142 3945 a
1159 3891 1249 3945 moral
1264 3891 1347 3945 elaim

247 3973 357 4045 against
370 3971 437 4038 him,
452 3974 482 4026 in
496 3973 640 4045 infinitum,
652 3990 684 4028 so
702 3973 748 4028 far
762 3991 793 4029 as
809 3975 825 4029 I
842 3982 946 4030 cannot
965 3975 1112 4031 otherwise
1126 3977 1204 4047 ropel
1216 3976 1266 4031 the
1280 3976 1345 4031 evil.

247 4059 313 4114 And
327 4074 397 4114 even
409 4058 597 4113 benevoleuee
607 4077 660 4129 per
672 4076 698 4114 ee
712 4059 779 4115 does
791 4067 842 4114 not
853 4078 958 4132 appear
970 4067 999 4116 to
1011 4061 1080 4115 bind
1091 4079 1124 4116 us
1139 4068 1169 4116 to
1182 4062 1231 4117 the
1243 4062 1347 4116 adven

248 4151 313 4217 tage
325 4144 360 4200 oi
370 4144 429 4199 him
439 4143 502 4198 who
517 4143 585 4198 does
599 4160 632 4198 us
643 4160 746 4216 wrong.
778 4147 836 4200 But
854 4146 903 4201 the
920 4146 1025 4217 Gospel
1036 4146 1089 4201 lau
1101 4147 1152 4202 has
1164 4147 1247 4203 mado
1262 4163 1348 4218 every

247 4230 318 4286 snoh
335 4237 383 4287 eet
400 4229 550 4286 unlewful:
576 4228 622 4284 for
637 4229 730 4285 Ohrist
745 4232 907 4285 commanda
920 4247 953 4285 us
975 4237 1005 4286 to
1020 4232 1086 4286 take
1100 4250 1117 4287 e
1132 4233 1229 4297 huffet,
1250 4232 1349 4287 rather

247 4315 318 4373 than
336 4316 403 4374 hurt
417 4333 471 4373 our
481 4316 645 4389 adrnmnry,
664 4315 728 4370 hon
739 4315 824 4372 mueh
838 4317 893 4372 less
904 4333 970 4388 may
981 4333 1022 4371 we
1032 4317 1085 4372 kill
1099 4317 1178 4372 him?
1201 4319 1254 4374 We
1271 4323 1348 4373 must
