2866 4906
132 247 200 302 Gar.
215 242 308 312 VIII.]
417 245 470 298 Da
491 241 843 308 ACQUISITIONIBUS,
865 241 948 296 ETO.
1169 231 1232 296 395

131 407 340 477 voluntarium
356 428 453 494 supra
468 406 610 473 diximus.
658 406 742 474 Telis
767 416 815 472 est
840 427 878 470 ea
903 428 974 491 quae
993 407 1030 472 fit
1052 406 1124 472 belli
1137 406 1230 494 jure:

131 509 187 575 sed
204 507 243 573 de
260 508 319 572 hac
334 527 371 571 re
387 505 502 572 rectius
519 505 601 570 inira
616 527 754 595 agemus,
780 504 834 571 ubi
853 503 928 570 belli
949 505 1077 571 effectus
1099 506 1234 593 explice-

131 608 257 673 buntur.
304 603 440 670 Romani
460 603 674 690 jurisconsulti
698 604 752 670 ubi
776 604 816 669 de
841 601 1030 689 acquirendo
1052 626 1158 670 rerum
1179 605 1234 670 do-

131 704 227 770 minio
243 712 351 792 agunt,
368 704 558 788 ¹complures
572 701 639 789 ejus
655 701 836 788 acquirendi
852 711 1017 768 recensent
1026 702 1143 781 modos,
1157 724 1234 788 quos

128 803 211 891 juris
227 802 366 891 gentium
383 809 515 868 vocant:
540 801 596 866 sed
619 801 646 867 si
662 801 732 888 quis
748 809 833 866 recte
849 799 1005 878 advertet,
1023 800 1164 867 inveniet
1181 822 1234 867 eos

133 922 248 977 omnes,
269 908 399 988 excepto
416 900 490 966 belli
500 899 583 987 jure,
607 922 669 965 non
686 898 845 986 pertinere
868 899 910 964 ad
928 897 981 984 jus
1001 899 1141 988 gentium
1157 899 1234 964 illud

134 1000 174 1066 de
197 1021 258 1086 quo
281 999 422 1087 00101001
447 999 503 1065 ssd
528 1006 584 1064 aut
607 997 790 1064 referendos
812 996 923 1083 adjus
939 996 1235 1083 001010000ᾳηί-

133 1098 205 1165 dem
222 1120 353 1176 merum,
374 1097 430 1164 sed
452 1097 536 1184 quod
558 1106 706 1183 sequatur
730 1095 943 1161 introductum
963 1095 1030 1181 jam
1055 1095 1233 1173 dominium,

134 1205 168 1264 et
182 1198 283 1286 legem
300 1217 422 1262 omnem
439 1195 559 1261 civilem
575 1195 751 1271 antecedat,
769 1197 843 1259 'aut
865 1193 907 1259 ad
927 1193 1027 1280 ipsam
1043 1194 1145 1282 legem
1161 1194 1235 1260 civi·

133 1295 205 1374 lem,
222 1318 285 1362 non
299 1295 394 1362 solius
410 1294 516 1383 populi
536 1294 680 1371 Romani,
698 1293 754 1358 sed
771 1293 939 1358 multarum
956 1291 1039 1358 circa
1055 1293 1234 1359 nationum:

134 1396 229 1461 credo
246 1394 408 1482 quietalis
424 1393 503 1482 legis
519 1392 586 1458 sive
608 1392 703 1457 moris
720 1391 810 1480 origo
826 1412 846 1456 a
864 1391 983 1457 Graecis
1000 1400 1141 1467 venerat,
1159 1412 1235 1476 qno·

134 1515 205 1558 rum
233 1493 384 1568 instituta,
412 1502 449 1558 ut
472 1490 755 1557 Halicarnassensis
785 1497 818 1556 et
844 1489 898 1555 alii
923 1498 1044 1569 notent,
1070 1489 1171 1556 Italiae
1197 1511 1235 1556 ao

134 1591 226 1659 ricini
248 1592 355 1679 populi
379 1590 599 1676 sequebantur.

209 1693 231 1755 2
266 1691 338 1757 Hoc
359 1698 464 1756 001001
480 1709 543 1755 non
560 1696 609 1755 est
624 1687 678 1774 jus
699 1687 775 1780 illud
794 1687 935 1778 gentium
950 1687 1077 1776 proprie
1100 1687 1235 1764 dictum3

132 1790 332 1877 nequeenim
353 1788 491 1876 pertinet
514 1787 557 1854 ad
578 1796 718 1852 mutuam
740 1786 880 1875 gentium
896 1788 979 1854 inter
995 1809 1029 1853 se
1046 1786 1237 1864 societatem,

180 1947 663 2003 ι,1101000001111111010001,0101010100-
712 1945 1053 1994 minimeconsentaueasunt.
1083 1946 1154 1994 ΜΞ.

135 2022 172 2068 dis
184 2022 232 2068 illis
247 2022 388 2082 adquirendi
403 2022 502 2067 dominil
516 2025 601 2081 agunt,
613 2034 662 2067 non
756 2021 829 2067 *Aut
843 2020 968 2079 adipeam
985 2021 1056 2082 leqem
1075 2021 1173 2080 01011001,
1192 2035 1239 2068 noes

135 2099 219 2145 eodem
234 2110 305 2142 sensu
319 2095 368 2143 Jur
387 2095 497 2144 Gentium
516 2096 663 2154 intelligunt,
711 2094 787 2141 solius
807 2094 893 2154 populi
913 2096 1024 2152 Romani,
1048 2096 1091 2142 sed
1113 2096 1239 2142 mitorum

135 2188 164 2220 ac
183 2172 278 2219 Auctor
297 2176 393 2227 0001οη
417 2170 460 2216 sed
479 2169 509 2216 de
529 2170 582 2228 ipso
601 2170 665 2217 Jure
713 2167 919 2228 circumsionem]
936 2168 1019 2224 Qualis
1036 2183 1164 2216 cousensus
1178 2184 1238 2230 gen-

135 2246 256 2294 Naturali
262 2248 346 2304 agunt,
358 2243 422 2303 qnod
428 2243 573 2289 recentiores
584 2244 664 2290 Inter·
713 2244 773 2290 tium
789 2243 886 2288 incertis
903 2256 931 2289 ex
948 2243 1033 2299 causis,
1053 2243 1125 2288 etium
1144 2244 1169 2288 in
1187 2243 1240 2289 aliis

134 2325 217 2383 protes
232 2318 402 2367 &maram
416 2321 510 2364 vocant.
541 2317 665 2364 Resclara
713 2321 819 2366 moribus
833 2320 864 2365 ad
875 2319 916 2380 jus
931 2319 992 2365 nihil
1004 2319 1154 2376 facientibus,
1169 2323 1240 2364 nota-

136 2400 219 2442 estex
234 2397 287 2440 toto
303 2392 386 2438 'l'itnlo
401 2390 624 2449 01101111011001100,
639 2396 665 2439 et
713 2400 754 2441 tur
767 2409 783 2440 a
795 2394 882 2451 Plinio,
898 2398 926 2440 ut
940 2393 1061 2440 hominem
1076 2407 1125 2438 non
1140 2392 1240 2439 01001001

136 2471 291 2531 Dipestoncm
298 2482 310 2524 ‚·
325 2466 368 2512 ubi
382 2466 455 2512 et'nsm
469 2467 589 2512 interdum
604 2467 665 2513 illud
712 2469 851 2529 priusquam
862 2468 946 2528 genito
956 2467 1028 2514 dente
1039 2480 1085 2513 vu.
1096 2468 1140 2515 16:
1156 2468 1240 2514 0110-

137 2544 323 2591 vocantdiserts
335 2540 384 2586 Jus
392 2540 521 2587 Naturale.
548 2542 629 2601 Igitur
639 2543 664 2588 lu
713 2557 771 2589 unm
782 2543 859 2590 literis
868 2546 1002 2602 uterentur,
1014 2556 1062 2589 vu.
1073 2544 1115 2589 57:
1132 2543 1169 2589 uti
1183 2545 1240 2588 ton·

138 2632 167 2666 eo
186 2621 281 2665 tantum
303 2619 369 2662 recte
392 2615 547 2674 reprehendit
571 2616 666 2662 Auctor
713 2616 813 2672 toribus,
829 2629 875 2661 vu.
891 2615 935 2663 59:
960 2615 984 2660 in
1000 2616 1112 2662 horarum
1128 2617 1241 2662 observa·

138 2691 320 2751 nosterpriscos
330 2688 529 2748 Jurisconsultos,
546 2691 611 2751 quod
628 2691 664 2737 illi
713 2690 789 2748 tione,
805 2690 907 2737 010601
922 2690 1024 2749 genibus
1040 2690 1146 2737 tribuere
1161 2703 1239 2750 quan-

138 2765 260 2821 nonnullu,
267 2765 334 2823 quasi
345 2763 413 2811 Jnris
420 2765 549 2822 Naturalis,
560 2766 665 2823 tradam,
713 2766 768 2811 dana
778 2767 927 2826 religionem,
943 2779 982 2812 ιι.
995 2768 1040 2814 45:
1056 2767 1162 2827 fulgetra
1176 2779 1239 2826 pop·

139 2853 193 2899 quse
220 2839 283 2884 veris
306 2838 372 2884 Jurls
398 2838 522 2884 Naturalis
542 2838 665 2898 principiis
713 2841 802 2900 pysmis
812 2841 1062 2897 adorare,xxvru.2.

137 3077 219 3145 haw3
234 3079 324 3135 which
341 3097 383 3136 we
395 3080 466 3136 have
481 3083 571 3137 above
585 3082 676 3138 called
691 3082 843 3137 Instituted
857 3083 909 3137 Jus
929 3081 1067 3138 Gentium.
1102 3082 1239 3138 Sachare

136 3166 186 3303 0100
199 3165 292 3237 things
305 3165 380 3220 dono
391 3167 429 3238 by
441 3166 490 3222 the
502 3167 582 3222 heus
593 3167 627 3223 of
637 3167 722 3231 Wnr;
735 3167 787 3222 but
798 3184 839 3222 wo
854 3167 926 3222 shall
937 3174 1012 3224 treet
1024 3169 1057 3224 01
1066 3168 1145 3223 those
1156 3167 1238 3223 hare·

168 3257 221 3304 ter.

192 3333 253 3387 The
264 3333 376 3387 Roman
386 3333 406 3387 J
407 3334 497 3398 urists,
509 3331 590 3388 when
602 3331 671 3404 thoy
685 3333 771 3405 speuk
784 3335 817 3388 of
824 3335 970 3405 acquiring
981 3333 1031 3389 the
1042 3335 1198 3405 ownership
1211 3335 1244 3390 01

138 3417 241 3488 things,
252 3418 357 3472 rcckon
370 3434 456 3489 many
469 3434 543 3488 ways
555 3417 589 3473 01
599 3418 668 3472 such
679 3419 854 3488 acquisition‚
866 3418 956 3472 which
970 3419 1038 3490 they
1052 3436 1102 3490 say
1110 3436 1159 3474 aro
1167 3422 1241 3491 ,10010

137 3504 273 3573 graetiam
285 3503 337 3557 but
349 3502 375 3556 11
386 3520 428 3558 we
439 3502 508 3574 duly
521 3503 628 3566 attend,
643 3519 685 3556 wo
699 3503 769 3557 shall
781 3519 828 3558 sco
840 3503 903 3557 that
914 3502 983 3574 they
997 3505 1044 3568 all,
1055 3505 1081 3557 if
1088 3521 1129 3559 we
1142 3511 1242 3575 except

139 3588 189 3644 tho
206 3588 286 3643 Laws
297 3588 331 3642 01
345 3588 423 3651 Wer,
441 3588 477 3643 do
490 3592 541 3642 not
551 3588 663 3658 pertsin
675 3594 705 3643 10
718 3588 781 3643 that
789 3590 837 3660 jus
847 3589 968 3660 peritiam
980 3588 1014 3644 01
1023 3588 1112 3644 which
1124 3606 1166 3643 we
1178 3606 1241 3644 now

138 3673 241 3745 spouk3
255 3673 368 3728 butaro
380 3672 470 3727 either
478 3679 507 3728 to
516 3674 553 3727 be
563 3674 690 3728 referred
702 3679 733 3728 10
745 3674 866 3728 Natural
880 3675 947 3727 Low
958 3671 1023 3739 (not
1034 3691 1110 3730 mere
1119 3676 1242 3731 Natural

138 3760 214 3825 Low,
222 3760 275 3814 but
287 3757 350 3813 that
356 3757 446 3812 which
454 3758 562 3812 follows
570 3758 619 3813 tho
627 3759 817 3813 introduction
825 3759 858 3813 01
866 3760 1094 3831 ownership,and
1106 3760 1240 3832 procedes

138 3845 177 3900 all
196 3844 268 3900 civil
281 3841 370 3910 Iram)
385 3860 418 3899 or
432 3850 462 3899 to
477 3843 527 3899 the
542 3845 613 3899 civil
627 3845 702 3910 Law,
715 3849 767 3900 not
787 3844 820 3899 01
831 3844 881 3900 11ιο
902 3845 1013 3899 Roman
1027 3847 1135 3918 People
1149 3847 1241 3913 alone,

138 3931 190 3986 but
204 3930 238 3986 01
248 3947 333 4003 many
345 3929 428 3985 other
442 3930 567 3985 natione:
587 3930 602 3984 I
613 3946 744 4002 suppose,
753 3930 874 3986 because
884 3929 934 3985 the
946 3932 1038 4002 origin
1048 3933 1082 3988 01
1091 3932 1162 3988 such
1174 3935 1240 3988 Low
1299 3975 1303 3983 .

139 4032 173 4070 or
193 4023 303 4072 custom
325 4031 404 4070 came
424 4015 498 4070 from
519 4014 569 4070 the
584 4015 701 4080 Greeks,
722 4015 815 4070 whose
834 4015 1022 4083 Institutione,
1036 4034 1068 4073 ss
1088 4018 1240 4089 Dionysius

140 4101 392 4157 Halicamassensis
410 4102 466 4157 and
481 4101 576 4157 others
593 4110 670 4168 note,
684 4101 734 4157 the
748 4102 862 4173 peoples
877 4101 910 4158 01
920 4102 995 4176 ltely
1010 4104 1067 4157 and
1081 4102 1130 4158 the
1142 4101 1241 4173 neigh-

139 4184 286 4242 bourhood
300 4187 442 4244 followed.

198 4277 216 4325 2
241 4273 299 4327 But
309 4273 365 4328 this
379 4274 403 4328 is
417 4272 529 4329 nottho
537 4274 714 4346 0100001000
727 4272 874 4346 properly:
894 4273 939 4328 sor
952 4271 1017 4327 that
1030 4272 1098 4328 does
1112 4278 1164 4328 not
1177 4289 1241 4344 perb

141 4355 201 4411 tain
212 4360 242 4411 to
253 4356 303 4413 the
317 4360 426 4415 mutual
443 4360 551 4434 society
565 4360 598 4416 01
609 4361 720 4417 natium
734 4365 865 4432 amongst
877 4358 1053 4422 themselves,
1071 4358 1123 4414 but
1144 4365 1174 4414 to
1192 4358 1242 4414 the
