2866 4906
659 192 713 256 xxi

107 374 220 452 Quam
236 393 320 439 vero
337 371 518 459 pulchrum
534 371 612 449 hoc,
631 391 735 455 quam
756 367 956 456 gloriosum,
975 390 1080 453 quam
1096 365 1162 455 ipsi
1179 388 1261 435 con·

104 488 259 555 scientia
282 488 410 567 laetum,
434 495 475 555 ut
499 489 529 555 si
554 487 694 573 quando
716 486 769 552 Te
790 486 888 553 Deus
910 485 956 551 ad
979 507 1078 552 suum
1102 506 1259 570 regnum,

105 606 199 689 quod
230 604 344 672 solum
377 611 440 672 tuo
472 605 595 672 melius
630 608 694 681 est,
728 603 914 680 vocaverit,
947 603 1116 670 audacter
1148 600 1259 687 possis

104 721 242 788 dicere:
262 722 367 788 Hunc
385 743 452 807 ego
469 742 492 786 a
508 721 561 787 Te
578 719 734 806 gladium
750 742 815 806 pro
832 719 983 786 Justitiae
1001 718 1113 786 tutela
1127 717 1258 804 accepi,

103 837 196 904 hunc
214 836 280 903 tibi
297 836 422 904 nullius
438 843 573 903 temere
590 835 659 902 fusi
676 835 853 922 sanguinis
870 856 978 918 reum,
992 856 1127 921 purum,
1143 834 1258 900 inson-

71 960 74 967 '
104 960 246 1038 temque
273 952 395 1019 reddo.
447 953 505 1019 Ita
529 953 601 1028 fiet,
631 956 671 1018 ut
704 973 789 1036 quus
821 973 885 1018 nos
918 973 1009 1017 nunc
1041 950 1179 1037 regulas
1210 971 1257 1017 ex

105 1069 200 1135 libris
227 1069 389 1155 petimus,
417 1069 454 1134 in
484 1074 663 1155 posterum
691 1090 737 1136 ex
763 1069 849 1135 Tuis
873 1069 1069 1135 actionibus
1091 1074 1258 1152 tanquam

107 1206 152 1250 ex
175 1184 430 1271 perfectissimo
462 1184 653 1271 exemplari
681 1190 854 1271 petantur.
907 1184 1012 1263 Quod
1037 1186 1150 1270 ipsum
1177 1205 1257 1250 cum

107 1301 151 1367 sit
176 1300 377 1378 maximum,
407 1301 486 1387 plus
518 1306 636 1368 tamen
669 1301 801 1385 aliquid
825 1323 847 1366 a
872 1301 926 1368 Te
958 1301 1101 1386 exigere
1126 1299 1258 1366 audent

108 1417 382 1483 Christianorum
404 1417 542 1503 populi:
568 1428 609 1484 ut
634 1417 768 1484 scilicet
793 1417 976 1484 exstinctis
998 1417 1127 1502 ubique
1154 1415 1259 1483 armis

105 1555 174 1619 pax
191 1554 254 1599 sua
276 1555 345 1598 non
368 1532 522 1619 imperiis
544 1538 692 1610 tantum,
711 1534 773 1600 sed
791 1539 829 1601 et
845 1533 1011 1601 Ecclesiis
1029 1533 1083 1599 Te
1099 1535 1258 1599 Auctore

106 1649 239 1727 redeat,
257 1649 440 1733 discatque
464 1656 594 1716 nostra
606 1655 691 1716 aetos
708 1650 888 1716 arbitrium
907 1650 1022 1717 subire
1040 1650 1114 1735 ejus
1132 1648 1256 1726 aetatis,

107 1787 210 1851 quam
234 1787 317 1832 vcra
347 1766 550 1850 sinceraque
575 1765 645 1831 fide
672 1765 904 1833 Christianam
936 1766 1043 1833 fuisse
1070 1763 1258 1832 Christiani

107 1903 227 1948 omnes
253 1883 462 1967 profitemur.
513 1881 685 1948 Pertaesos
706 1881 957 1948 discordiarum
973 1882 1107 1949 animos
1124 1879 1259 1948 excitat

105 1997 142 2063 in
158 1998 249 2064 hanc
266 2019 364 2083 spem
381 2018 504 2065 recens
525 2001 706 2064 contracta
728 1998 821 2064 inter
838 1998 890 2064 Te
908 2004 946 2064 et
967 1997 1258 2084 sapientissimum

105 2114 270 2200 pacisque
301 2113 392 2180 illius
424 2118 554 2181 sanctae
587 2112 862 2180 amantissimum
895 2114 1037 2199 Magnae
1070 2111 1258 2180 Britannias

104 2230 241 2315 Regem
258 2229 421 2307 amicitia,
439 2236 478 2296 et
493 2229 766 2314 auspicatissimo
784 2229 920 2296 Sororis
937 2230 1020 2296 Tuae
1037 2229 1259 2296 matrimonio

104 2344 285 2413 foederata.
336 2344 488 2412 Difficile
511 2346 704 2431 negotium,
729 2351 873 2432 propter
896 2345 1012 2411 studia
1028 2345 1179 2430 partium
1196 2343 1260 2429 gli·

104 2462 284 2529 scentibus
315 2460 352 2527 in
385 2461 461 2528 dies
492 2461 598 2528 odiis·
614 2461 848 2527 inflammata:
880 2460 944 2527 sed
969 2459 1078 2526 tantia
1102 2458 1260 2544 Regibus

102 2577 188 2643 nihil
214 2577 372 2663 dignum,
396 2577 462 2643 nisi
492 2578 587 2661 quod
611 2576 760 2653 difficile,
787 2576 853 2643 nisi
879 2577 975 2660 quod
998 2574 1074 2641 aliis
1100 2573 1260 2641 omnibus

103 2694 341 2780 desperatum.
392 2692 490 2760 Deua
515 2692 620 2778 pacis,
645 2693 744 2760 Deus
766 2692 922 2778 justitias,
948 2692 1028 2758 Rex
1046 2691 1154 2776 juste,
1180 2691 1260 2757 Rex

100 2811 260 2898 pacifice,
287 2830 368 2875 cum
399 2807 475 2875 aliis
508 2807 609 2875 bonis
642 2808 802 2876 omnibus
830 2813 908 2874 tum
931 2806 998 2874 hac
1024 2806 1131 2873 etiam
1156 2805 1261 2872 laude

99 2918 261 2994 cumulet
278 2926 393 2991 Tuam
411 2924 489 2992 Suae
505 2924 699 3011 proximam
715 2924 949 3010 Maiestatem.
976 2923 1034 2989 cIo
1048 2921 1087 2989 Io
1098 2941 1206 2988 cxxv.
