2866 4906
239 199 307 270 274
397 212 450 266 na
471 208 746 276 ncomsmouu
770 205 1001 265 cummium
1021 204 1168 272 aneon,
1212 203 1338 274 [amm

315 370 406 440 XIX.
457 377 477 440 1
512 371 593 438 Illud
608 393 730 459 quoque
746 372 913 437 observatu
929 391 992 435 non
1007 368 1179 458 indignum,
1198 368 1338 458 origina-

241 474 321 543 riam
335 472 567 561 acquisitionem
583 471 767 538 censendam
783 471 876 537 etiam
891 491 997 534 rerum
1014 490 1131 544 aarum,
1149 491 1220 555 quae
1237 469 1335 534 domi-

241 594 317 639 uum
341 574 526 649 habuerunt,
553 571 607 637 sed
630 571 747 636 hahere
772 569 944 636 desierunt:
977 577 1055 654 puta
1076 567 1150 654 quia
1175 567 1334 634 derelictae

239 681 323 749 sunt,
346 679 403 737 aut
419 671 492 758 quia
508 670 688 737 deiecerunt
704 669 838 735 domini:
863 690 936 734 nam
951 668 1019 733 haec
1035 666 1197 734 redierunt
1212 666 1246 732 in
1260 690 1332 734 eum

240 780 365 849 statum,
382 770 416 836 in
433 792 494 856 quo
510 767 644 857 primum
660 790 712 835 res
727 769 860 835 luerunt.

316 873 338 937 2
368 869 432 937 Sed
447 869 524 934 illud
540 867 629 934 simul
645 868 815 934 notandum
832 876 889 944 est,
905 867 1060 934 interdum
1077 866 1192 954 primes
1207 868 1338 956 acquisi-

239 970 339 1037 tiones
364 969 517 1057 apopulo
539 976 595 1034 aut
616 967 722 1054 populi
746 967 848 1053 capite
872 967 918 1034 ita
936 967 1043 1044 factas,
1069 976 1190 1032 utnon
1214 976 1337 1035 tantum

238 1068 411 1156 imperium,
428 1067 462 1133 in
478 1089 540 1153 quo
554 1067 635 1132 inest
647 1066 700 1154 jus
715 1066 792 1131 illud
809 1067 955 1144 eminens,
976 1067 1016 1132 de
1033 1087 1094 1153 quo
1115 1067 1190 1133 alibi
1206 1067 1335 1156 egimus,

238 1169 294 1239 sed
310 1177 343 1235 et
359 1166 516 1255 privatum
533 1166 720 1253 plenumque
736 1165 903 1231 dominium
920 1166 1110 1255 generaliter
1126 1166 1261 1253 primum
1275 1171 1336 1254 'po-

237 1269 321 1354 pulo,
338 1276 394 1333 aut
410 1266 476 1353 ejus
492 1265 585 1353 capiti
600 1273 814 1351 quareretur:
835 1275 931 1353 atque
946 1274 983 1331 ut
999 1265 1111 1331 deinde
1127 1265 1336 1352 particulatim

236 1366 269 1431 iu
285 1366 423 1453 privatos
436 1365 482 1432 ita
497 1364 587 1430 tieret
609 1362 796 1440 distributio,
812 1375 848 1431 ut
864 1373 969 1431 tamen
985 1387 1091 1431 eorum
1108 1364 1278 1430 dominium
1295 1366 1335 1432 ab

235 1465 288 1530 illo
305 1465 410 1553 priore
429 1464 563 1530 dominio
579 1462 739 1550 penderet,
760 1464 865 1529 sinon
882 1474 919 1530 ut
935 1465 988 1551 jus
1005 1462 1112 1530 vasalli
1131 1463 1235 1550 ajuro
1255 1464 1337 1530 seui·

236 1564 307 1640 oris,
333 1573 389 1629 aut
408 1562 461 1649 jus
482 1561 755 1650 emphyteuticarii
773 1585 793 1629 a
813 1564 886 1650 jure
910 1563 1119 1651 proprietarii,
1145 1572 1251 1629 tamen
1273 1563 1335 1629 alio

236 1662 370 1748 quodam
395 1661 536 1728 tenuiore
558 1661 659 1736 modo,
683 1670 720 1727 ut
738 1663 844 1729 multas
866 1672 938 1728 sunt
959 1662 1076 1749 species
1096 1661 1177 1748 juris
1199 1662 1233 1727 in
1255 1684 1334 1740 rem,

236 1782 314 1847 quas
329 1760 412 1826 inter
431 1769 480 1826 est
497 1769 530 1826 et
543 1760 597 1846 jus
619 1760 695 1845 ejus,
717 1760 770 1847 qui
794 1763 852 1828 suh
875 1762 1049 1828 conditione
1068 1760 1335 1828 fideicommissum

234 1867 404 1946 exspectat.
436 1859 572 1925 Seneca:
589 1863 687 1926 yNon
701 1873 748 1926 est
760 1874 992 1946 argumentum,
1005 1863 1078 1926 idco
1095 1862 1226 1944 aliquid
1243 1874 1335 1927 tuum

233 1983 297 2026 aaa
314 1982 387 2034 ecee,
405 1962 486 2046 quic
507 1961 640 2025 uuidere
656 1982 720 2025 noo
732 1972 833 2044 potes,
857 1963 938 2047 quic
953 1982 1142 2035 consumere,
1160 1962 1244 2043 quic
1264 1983 1336 2026 mu-

234 2071 304 2126 tare
320 2063 357 2125 ia
373 2061 514 2124 deterius
528 2069 587 2122 cut
603 2059 717 2122 metius
732 2080 796 2122 acu
807 2071 906 2144 potes.
948 2061 1055 2122 Toum
1070 2061 1154 2124 caim
1170 2071 1217 2124 cst
1233 2062 1335 2126 etiam

233 2161 319 2246 quod
343 2160 402 2225 sco
427 2171 517 2224 certo
543 2159 609 2242 lopo
632 2168 723 2221 tcum
748 2169 802 2222 cst.
842 2156 926 2221 Dion
943 2157 1132 2222 Prusaeensis
1151 2157 1334 2225 Rhodiacae

276 2344 287 2378 r
301 2334 358 2382 Noa
367 2329 584 2394 mouumentum]
597 2330 676 2377 Locus
684 2331 756 2378 estds
806 2335 887 2380 umen
901 2336 929 2379 ut
943 2346 985 2378 eos
994 2333 1096 2379 vendere
1110 2346 1159 2379 uou
1168 2338 1264 2394 posset:
1281 2335 1335 2382 Kal

231 2411 359 2470 Beneficiis
367 2423 414 2456 vu.
427 2412 463 2456 12.
494 2408 562 2455 Idem
576 2407 639 2453 libro
650 2407 756 2467 ejusdam
805 2411 858 2453 τῶν
873 2407 920 2462 τήν
935 2406 1014 2453 πόλιν
1031 2409 1165 2455 οἰκούντων
1184 2409 1333 2469 ἱεροδούλων

231 2485 367 2547 argumenti
380 2489 472 2542 octavo,
486 2499 507 2530 c.
519 2486 557 2540 12,
570 2483 680 2543 quedam
693 2496 756 2542 quo·
805 2481 887 2539 κύριοι
896 2480 965 2536 πλήν
974 2481 1021 2527 τοῦ
1031 2481 1192 2541 πιπράσκειν.
1213 2483 1334 2545 Pegusa.

230 2561 334 2608 randum
344 2561 389 2606 suh
399 2565 465 2607 certa
474 2559 604 2607 conditione
614 2563 676 2603 suut.
709 2557 756 2617 [Αι
804 2555 854 2601 Ed.
867 2555 971 2603 Casouh.
983 2556 1070 2604 Poris.
1099 2556 1126 2603 J.
1136 2558 1168 2604 B.

231 2650 287 2681 uero
297 2639 353 2680 ruat
360 2639 451 2680 mutum
461 2638 553 2693 septem
564 2633 630 2677 Libri
640 2632 669 2677 de
678 2631 756 2677 Berse-
848 2640 859 2665 ⁸
872 2631 914 2677 Ad
922 2632 1097 2678 animantem
1109 2637 1155 2678 aut
1164 2632 1200 2679 cd
1210 2632 1332 2682 dominura

223 2711 301 2770 ficita
331 2710 409 2756 Locus
419 2715 455 2756 est
465 2710 548 2756 eodem
558 2709 620 2754 libro
635 2712 660 2753 et
670 2707 756 2767 capite,
804 2705 951 2766 superiorem
967 2706 1038 2767 redit]
1055 2707 1094 2752 Sic
1104 2720 1134 2753 ex
1146 2707 1209 2754 libro
1223 2709 1330 2756 secundo

230 2800 279 2846 quo
285 2786 333 2843 illa,
339 2785 407 2847 cujus
413 2785 485 2832 verba
493 2785 519 2830 in
526 2788 595 2831 textu
605 2783 755 2830 adferuntur.
806 2782 919 2842 Odysseae
929 2781 953 2827 iu
964 2781 1011 2828 fine
1024 2781 1132 2842 colligas,
1147 2784 1210 2829 bona
1224 2784 1331 2845 ejusqui

229 2862 256 2910 J.
267 2861 314 2921 Β.]
804 2857 855 2904 sine
864 2857 945 2903 liberis
955 2857 1081 2903 decederet
1096 2858 1127 2903 ud
1143 2859 1258 2919 populum
1272 2874 1331 2920 per.

274 2935 285 2965 ⁰
302 2936 393 2982 Locum
410 2935 474 2981 iorto
490 2932 569 2980 inveni
587 2933 628 2980 lib.
646 2945 698 2980 xrr.
713 2933 755 2978 ubi
803 2932 903 2989 vonisse,
918 2937 942 2978 et
952 2932 986 2977 sic
997 2932 1171 2992 interpretatur
1181 2933 1328 2983 Eustochiae

229 3011 311 3071 agitur
327 3011 357 3056 de
371 3009 486 3055 ministris
503 3021 632 3062 sacrorum,
652 3021 755 3067 quorum
803 3009 863 3055 illud
874 3008 972 3054 Homeri
983 3006 1078 3053 iliados
1087 3008 1116 3054 E.
1132 3007 1285 3068 (cerr.158)=

229 3085 364 3135 Archelaus
383 3085 504 3142 Pontifex,
527 3085 580 3129 Rex
602 3083 715 3130 Comanis
739 3097 755 3128 a
871 3099 1054 3151 χηρωπαὶιηωῑ
1063 3099 1245 3151 &mmm

229 3161 345 3221 Pompeio
355 3159 507 3216 constitutur,
522 3158 633 3205 dominus
646 3163 705 3215 erat,
720 3158 755 3204 ita
870 3165 1012 3206 Paruobontur
1020 3166 1227 3214 opesrectoreeurbta

283 3405 367 3460 XIX.
403 3409 417 3458 1
437 3403 505 3460 This
520 3405 579 3460 aleo
594 3405 617 3460 is
629 3405 719 3459 worth
733 3405 896 3476 observiug;
914 3405 977 3460 that
991 3405 1072 3460 there
1086 3422 1152 3475 may
1165 3405 1201 3459 be
1219 3420 1257 3458 an
1271 3404 1329 3459 ori·

227 3491 304 3561 ginal
318 3491 483 3562 acquisition
503 3491 536 3546 of
551 3490 631 3546 those
642 3490 736 3562 things
751 3490 840 3546 which
861 3490 1003 3545 harahad
1022 3508 1059 3545 an
1074 3506 1174 3553 owner,
1188 3490 1240 3544 but
1255 3489 1329 3545 have

228 3574 327 3630 ceased
342 3581 372 3630 to
389 3575 461 3630 hare
476 3592 545 3642 one;
567 3594 597 3631 as
619 3578 704 3646 being
724 3576 848 3641 derelict,
866 3593 899 3631 or
920 3577 1037 3631 because
1058 3575 1107 3630 the
1126 3592 1232 3630 ownera
1255 3575 1329 3630 hare

227 3659 299 3714 becn
323 3661 471 3724 removed3
493 3661 538 3714 for
563 3662 631 3716 tben
652 3662 745 3734 things
765 3670 863 3717 return
880 3663 939 3716 into
958 3661 1007 3716 tho
1027 3668 1100 3717 state
1122 3661 1156 3716 os
1174 3666 1275 3716 naturo
1296 3661 1328 3714 in

226 3742 317 3798 which
331 3744 399 3816 they
413 3762 486 3800 were
498 3753 528 3800 at
539 3747 608 3801 first.

282 3836 299 3883 2
321 3829 388 3884 Thia
403 3831 461 3885 also
483 3833 506 3886 is
522 3837 552 3887 to
570 3832 607 3888 bo
621 3833 724 3898 notcd;
742 3833 805 3888 that
826 3833 985 3889 sometimes
1004 3832 1052 3887 tho
1071 3834 1132 3888 first
1146 3833 1327 3904 acquisitione

226 3914 260 3968 of
269 3922 405 3986 property
423 3933 471 3971 aro
490 3917 572 3973 mado
586 3919 624 3990 by
637 3936 655 3972 a
666 3919 767 3991 pcoplc
781 3936 815 3974 or
833 3921 869 3975 its
884 3918 957 3973 head
972 3920 1001 3972 iu
1016 3918 1084 3973 such
1100 3937 1117 3973 a
1132 3935 1249 3972 manner
1264 3918 1327 3973 that

226 4006 277 4054 not
296 4000 363 4071 only
383 4000 432 4055 tho
450 4002 583 4074 lordship,
606 4005 748 4076 including
768 4005 831 4061 that
847 4008 895 4078 jus
912 4005 1026 4059 eminens
1045 4005 1078 4058 of
1094 4004 1184 4059 which
1198 4022 1239 4058 wo
1254 4004 1327 4058 hare

225 4086 340 4157 spoken,
356 4084 401 4151 (Β.
411 4101 430 4142 1.
446 4104 469 4153 c.
480 4088 517 4142 iii.
532 4087 610 4156 tuh)
628 4090 679 4144 but
694 4090 756 4145 that
770 4092 828 4145 also
844 4091 893 4146 the
910 4091 1018 4161 privato
1030 4090 1194 4161 ownorship‚
1209 4107 1264 4143 aaa
1278 4080 1326 4143 acss

225 4172 323 4243 quircd
337 4178 366 4226 at
373 4171 434 4226 first
441 4174 583 4245 generally
592 4175 637 4229 t'or
644 4175 692 4229 the
701 4177 802 4248 pcoplc
812 4194 844 4231 or
853 4178 888 4231 its
897 4176 982 4239 head3
994 4177 1049 4229 and
1057 4176 1124 4230 theu
1133 4176 1182 4229 thc
1191 4182 1327 4246 property

225 4275 280 4313 was
296 4258 462 4313 distributed
477 4261 657 4332 particularly
672 4262 701 4314 in
719 4264 821 4335 special
836 4264 890 4318 lots
905 4269 934 4316 to
950 4263 1057 4333 private
1073 4278 1196 4333 persons,
1212 4262 1240 4313 in
1256 4260 1328 4315 such

225 4360 243 4398 a
255 4361 371 4400 manner
383 4344 446 4401 that
457 4344 532 4402 their
541 4346 696 4419 ownership
708 4349 857 4423 depended
868 4366 906 4406 on
917 4347 980 4403 that
994 4349 1100 4404 former
1111 4346 1285 4420 owncrship3
1303 4346 1331 4401 if
