2866 4906
139 213 269 286 (lar.V.]
430 216 542 272 suuis
563 217 607 271 IN
628 215 838 281 Pnusouns,
860 216 941 272 ETO.
1171 210 1233 274 321

138 403 195 468 per
211 379 453 467 quinquennium
473 401 543 445 eum
557 401 578 445 a
594 379 806 444 communione
821 377 974 444 abstinet:
995 399 1033 444 eo
1048 378 1116 466 ipso
1135 389 1237 447 osten-

138 482 215 545 dens
239 501 366 545 manere
391 477 544 545 vinculum
570 477 766 543 matrimonii.
817 479 860 542 Et
885 485 921 543 nt
942 476 1008 562 jam
1036 477 1178 556 diximus,
1203 479 1237 546 in

137 579 314 657 canonibus,
337 577 391 664 qui
410 576 578 665 Apostolici
601 575 756 652 dicuntur,
782 576 835 662 qui
855 576 932 642 dues
952 598 1075 642 sorores
1100 577 1234 658 duxerit,

136 686 193 743 aut
208 676 315 743 fratris
331 676 435 754 filiam,
452 684 573 741 tantum
590 674 719 740 clericus
733 673 801 740 fieri
817 675 1011 761 prohibetur.

213 777 284 842 XV.
324 778 343 839 1
379 777 426 841 Ut
439 775 481 840 ad
497 774 559 840 alia
574 794 751 862 pergamus,
768 773 995 839 observandum
1011 776 1071 841 hoc
1088 783 1144 855 est,
1165 798 1236 843 oon·

138 875 315 941 cubinatum
335 874 487 960 quendam
508 895 615 939 verum
638 893 675 936 ao
696 879 800 938 ratum
821 894 888 937 esse
910 872 1097 962 conjugium,
1117 875 1175 941 etsi
1191 875 1236 942 ef·
1312 952 1316 961 Ι

137 974 268 1040 iactibus
291 972 473 1060 quibusdam
491 971 572 1057 juris
597 970 693 1037 civilis
717 970 852 1057 propriis
880 971 1031 1057 privetur,
1060 980 1116 1038 ant
1141 974 1235 1040 etiam

137 1073 264 1138 effectus
286 1072 435 1158 quosdam
460 1072 617 1136 naturales
641 1069 860 1156 impedimento
881 1069 960 1158 legis
981 1070 1077 1136 civilis
1101 1073 1233 1140 amittat

138 1171 284 1258 Exempli
305 1192 406 1247 cansa,
424 1169 506 1235 inter
528 1191 653 1235 servum
670 1178 703 1234 et
720 1166 862 1233 ancillam
873 1167 947 1254 jure
969 1170 1111 1236 Romano
1127 1180 1235 1238 contu·
1274 1160 1276 1164 ’

137 1269 279 1337 bernium
300 1291 368 1335 esse
389 1268 510 1346 dicitur,
534 1272 616 1333 ‘lnon
639 1265 888 1332 matrimonium:
914 1275 1053 1334 attamen
1075 1270 1116 1335 ad
1134 1269 1234 1357 ipsam

137 1368 271 1456 conjugii
288 1376 431 1435 naturam
446 1366 523 1432 nihil
540 1366 627 1432 deest
638 1366 672 1431 in
687 1364 743 1430 tali
760 1364 1002 1434 consociatione:
1021 1388 1091 1454 quae
1108 1377 1235 1456 propte.-

101 1473 103 1476 ’
137 1488 193 1531 rea
209 1466 241 1531 in
255 1466 389 1551 antiquis
405 1465 571 1532 canonibus
588 1459 701 1552 Ὑάμου
717 1463 841 1529 nomine
856 1465 1040 1551 appellatur,
1085 1467 1138 1532 Sic
1151 1466 1235 1533 inter

136 1564 291 1631 hominem
307 1565 438 1631 liberum
455 1575 488 1631 et
504 1563 642 1630 ancillam
664 1561 884 1629 concubinatus
902 1563 1025 1643 dicitur,
1046 1587 1109 1631 non
1128 1565 1234 1632 matri-

135 1739 215 1786 ihensi
224 1739 324 1786 concilio
334 1744 390 1800 post
404 1741 589 1786 commemorata
602 1751 660 1784 eon-
708 1736 803 1794 locum;
820 1735 861 1796 qui
876 1736 977 1796 proinde
991 1736 1052 1783 nihil
1065 1737 1156 1787 adrem
1166 1737 1232 1787 iacit

132 1815 203 1874 jugia
217 1815 299 1871 vetita,
309 1819 334 1860 et
348 1813 412 1860 inter
426 1827 455 1860 es
467 1815 498 1859 de
512 1813 597 1859 relicta
609 1813 660 1858 ira·
707 1808 792 1870 J.B.]

136 1891 186 1946 tris,
196 1889 293 1935 additur
301 1905 309 1935 s
320 1888 391 1948 Quod
399 1889 435 1935 ita
440 1888 554 1948 proessmi
560 1892 660 1947 tmpore
753 1895 767 1929 t>
782 1887 891 1934 Sororem
899 1887 949 1945 eius
956 1886 1062 1949 duxerit]
1078 1888 1130 1936 Lex
1136 1888 1234 1953 Lango-

132 1964 289 2023 prohibeam,
307 1970 334 2010 ut
350 1979 386 2022 sa,
405 1978 459 2024 qua
477 1964 588 2010 hortm
607 1968 660 2009 sum
707 1961 812 2019 bardica,
827 1962 1045 2010 himinarius.
1062 1964 1121 2024 quia
1133 1978 1233 2010 cassem

135 2040 268 2095 contituta,
286 2053 332 2085 noa
351 2040 476 2086 solvamus.
516 2038 611 2083 Retulit
634 2038 659 2084 ld
708 2035 980 2082 smhabmidcduabus
988 2037 1118 2093 sororibus,
1132 2038 1234 2086 sicutde

137 2116 459 2175 Gratianusinqusestionem
467 2127 495 2160 11.
503 2119 660 2162 etuncansre
709 2110 938 2170 duobusfiairihm.

135 2205 207 2237 xxxv.
228 2204 250 2236 e.
270 2192 293 2236 8.
325 2188 407 2236 Simile
425 2189 490 2248 quod
510 2202 526 2233 a
541 2188 617 2234 l'aulo
633 2188 659 2233 in
753 2185 837 2232 ιΙΝοπ
862 2185 1046 2248 matrimonium]
1076 2187 1113 2234 As
1137 2188 1234 2236 serviles

135 2266 266 2312 aasentias
281 2265 382 2310 relatum
397 2268 435 2310 est
449 2264 510 2309 libro
521 2276 550 2309 ιι.
563 2263 659 2310 cicaix.
709 2260 889 2321 conjunctiones
921 2263 1013 2322 nuptiis
1037 2263 1178 2310 dicebantur
1207 2264 1233 2310 ln

136 2339 184 2400 §2
199 2341 250 2385 sins
259 2344 386 2399 parentum
395 2353 512 2385 consensu
525 2342 660 2383 conuectos
710 2336 810 2391 Gracia,
827 2335 983 2396 Carthagine,
996 2336 1023 2382 iu
1040 2338 1136 2396 apulia
1172 2337 1233 2385 Pro-

135 2414 232 2473 nuptins
241 2414 341 2473 injustas
352 2427 410 2470 esse,
420 2413 454 2460 sic
469 2418 557 2469 tamem
567 2418 596 2458 ut
610 2425 658 2457 non
707 2411 779 2471 logos
788 2412 818 2457 ad
831 2411 941 2460 Casinam
952 2412 1043 2460 Plauti.
1073 2413 1112 2459 Sic
1126 2417 1152 2460 et
1161 2413 1186 2459 iu
1195 2413 1233 2460 le·

135 2489 308 2546 dissolvantur3
328 2487 374 2533 nisi
390 2487 454 2534 forte
469 2488 521 2533 haeo
538 2492 659 2546 postrema
708 2485 779 2545 gibus
792 2485 1007 2545 Langobardorum
1023 2487 1085 2533 libro
1095 2500 1125 2536 ιι.
1142 2488 1181 2534 tit.
1191 2488 1232 2536 xii.

135 2563 327 2609 verbaAnianus
335 2562 435 2609 addidit
456 2562 619 2609 Tertullianus
628 2562 659 2608 de
708 2560 745 2616 10,
755 2559 837 2606 etxiii.
846 2562 869 2615 ³,
879 2564 905 2605 et
913 2559 968 2619 lege
979 2560 1057 2607 Salics
1066 2561 1232 2622 tit.xiv.§1l,

133 2637 246 2698 conjugio
256 2651 310 2684 eum
321 2637 411 2684 infideli
425 2650 501 2698 agens
515 2635 550 2682 nd
563 2649 659 2682 morem
707 2634 750 2680 scd
762 2633 814 2681 sins
827 2647 946 2680 consensu
956 2635 1107 2681 dominorum
1123 2650 1173 2682 non
1188 2649 1232 2683 va-

134 2713 234 2760 secrsndo
254 2710 319 2772 (cap.
334 2713 370 2771 i),
391 2713 426 2758 ait
444 2711 566 2758 dominum
582 2711 659 2770 magis
707 2709 781 2755 luisse
791 2709 903 2769 conjugia
913 2710 1042 2769 taliaapnd
1053 2711 1177 2770 Hebraeos,
1187 2726 1232 2758 no.

134 2791 214 2832 ratum
228 2786 317 2832 habere
335 2786 511 2832 matrimonium
532 2799 581 2831 non
601 2799 658 2831 con·
707 2784 812 2829 tatnrsb
821 2783 1137 2843 ipsisadlixodumxxiubi
1147 2787 1232 2833 talium

133 2862 204 2917 trahi,
215 2875 287 2921 quam
296 2862 392 2907 omnino
403 2861 514 2921 disjungi.
545 2860 607 2908 Vide
620 2861 657 2906 in·
708 2858 846 2919 nuptiarum
872 2859 970 2915 mentio,
994 2862 1020 2906 et
1043 2861 1108 2920 apud
1134 2861 1232 2908 Graeoos

133 2935 273 2996 irs51s1.
300 2935 386 2996 [Apud
406 2934 507 2981 Paulum
521 2936 558 2982 vel
573 2936 657 2996 legen·
708 2934 1082 2991 Christianomliasilloinsuis
1092 2936 1230 2984 canonibus.

133 3011 198 3068 dum,
205 3011 243 3057 vel
250 3010 659 3071 subintelligendum,sedoontracta
707 3009 760 3071 (Ad
777 3009 928 3070 Amphiloci.
958 3010 1018 3058 Can.
1038 3010 1089 3072 42.)
1131 3012 1232 3059 solitam

135 3086 299 3145 (matrimonia
323 3084 425 3144 scilicet)
452 3085 580 3145 [uoluntate
608 3085 658 3144 qius
707 3085 779 3130 etiem
792 3099 808 3130 a
822 3085 930 3145 principe
944 3085 1037 3132 veniam
1047 3087 1171 3146 impetrari
1185 3087 1231 3133 dn·

134 3161 255 3219 Parentis]
270 3161 458 3215 consolarentur,
473 3164 500 3205 nt
515 3161 571 3205 olim
587 3161 657 3206 nimi·
707 3160 789 3206 candro
808 3159 923 3216 mulieris,
948 3174 1002 3220 quse
1020 3146 1144 3219 inequalis
1168 3165 1232 3208 esset

132 3248 186 3282 sum
197 3235 221 3280 id
231 3234 283 3280 fieri
293 3237 396 3292 poterat.
426 3232 490 3278 Vide
499 3234 596 3278 omnino
607 3233 657 3278 No·
707 3234 859 3293 conditionis,
869 3233 976 3280 videmus
986 3235 1051 3295 apud
1062 3234 1230 3284 cassiodorum

134 3313 184 3354 tam
195 3307 356 3353 Eruditissimi
367 3305 538 3352 Senunrsuuu
553 3305 579 3350 in
593 3306 657 3352 huno
706 3320 753 3353 vn.
763 3308 802 3352 40.

131 3549 201 3620 only
215 3547 351 3603 excluded
365 3547 440 3602 from
454 3547 503 3603 the
519 3548 628 3620 Clergy.

190 3635 254 3688 XV.
293 3639 307 3686 1
335 3635 378 3687 To
396 3635 516 3704 proceod
538 3641 568 3690 to
590 3632 672 3689 other
691 3638 816 3698 matters,
830 3649 871 3688 we
889 3649 955 3704 may
974 3631 1089 3689 observa
1109 3630 1180 3700 that,
1200 3636 1232 3690 in

132 3736 210 3776 some
224 3736 309 3783 cases,
323 3718 513 3790 concubinage
530 3720 554 3775 is
568 3736 586 3774 a
600 3725 663 3774 true
678 3719 735 3774 and
752 3719 828 3773 valid
842 3719 989 3790 marriage,
1003 3717 1139 3791 although
1156 3722 1179 3776 it
1194 3721 1231 3776 be

132 3805 266 3877 deprived
282 3805 315 3859 oi
325 3821 402 3860 some
419 3804 453 3858 of
468 3805 517 3860 the
536 3806 661 3876 peculias
674 3805 770 3860 effecte
787 3805 820 3858 oi
835 3804 884 3860 the
904 3805 974 3858 Civil
990 3805 1066 3870 Lau,
1087 3805 1144 3860 and
1160 3823 1231 3862 even

131 3892 190 3946 lose
209 3907 286 3946 some
304 3891 337 3945 of
354 3892 390 3945 its
406 3891 517 3945 natural
532 3890 627 3946 effecte
641 3891 679 3963 by
695 3889 746 3945 the
760 3890 944 3961 impediment
957 3889 990 3945 of
1004 3888 1054 3945 the
1069 3890 1139 3946 civil
1154 3893 1229 3948 hav.

131 3979 188 4033 For
198 3977 332 4048 example,
344 3976 393 4032 the
404 3976 491 4031 union
503 3976 536 4031 oi
544 3993 562 4030 a
573 3976 648 4032 slave
660 3975 727 4030 with
739 3976 840 4030 ammd
849 3980 960 4031 esmant
971 3976 1003 4041 is,
1014 3974 1109 4047 hythe
1119 3978 1231 4033 Roman

131 4063 205 4126 Lau,
225 4061 423 4127 cohabitation,
441 4067 492 4116 not
511 4062 664 4134 marriage;
684 4061 737 4116 bnt
754 4067 811 4132 yet,
832 4061 862 4115 in
878 4060 947 4116 such
964 4078 982 4116 a
998 4062 1094 4127 union,
1109 4061 1190 4118 there
1207 4065 1231 4117 is

131 4146 249 4218 nothing
266 4149 389 4220 wanting
403 4153 433 4202 to
447 4147 496 4203 the
511 4153 611 4203 nature
626 4147 659 4203 of
672 4148 817 4218 marriage,
832 4145 921 4201 which
935 4147 1121 4218 accordingly,
1135 4147 1165 4200 in
1182 4147 1232 4203 the

133 4231 180 4283 old
199 4231 317 4298 canons,
333 4234 357 4287 is
374 4234 464 4289 called
483 4231 574 4304 γάμος,
590 4233 737 4304 marriage.
774 4232 838 4286 And
855 4249 887 4287 so
903 4231 953 4286 the
970 4232 1057 4286 nnion
1071 4232 1197 4287 between
1214 4248 1233 4287 a
1299 4276 1302 4281 .

131 4315 192 4371 free
213 4333 278 4370 man
301 4318 358 4373 and
379 4335 397 4373 a
418 4319 521 4376 female
539 4319 614 4375 slave
634 4319 657 4374 is
679 4317 769 4374 called
790 4317 989 4389 concubinage,
1006 4322 1057 4372 not
1079 4317 1232 4389 marriage,
1311 4358 1313 4362 r

1087 4426 1130 4490 21

233 4470 365 4563 [eos]
