2866 4906
106 260 176 316 CsP.
190 256 271 326 uli]
388 258 479 322 QUAE
501 256 567 312 FIT
587 256 664 311 PER
686 254 829 321 nudum,
851 254 934 311 ETO.
1146 246 1207 311 361

178 426 238 493 VI.
279 424 361 503 Quia
377 447 454 491 vero
476 424 585 491 etheo
605 422 796 490 ordinarium
813 432 870 502 est,
889 431 925 490 ut
940 431 1031 512 pater
1047 431 1211 511 materque

104 525 211 592 liberis
227 523 291 590 suis
307 524 506 612 prospiciant,
529 524 610 599 ideo,
636 522 710 588 dum
728 523 772 588 illi
789 532 909 599 extant,
930 523 981 589 avi
1001 523 1143 610 aviaeque
1167 523 1210 590 ad

105 625 254 690 alimenta
265 623 369 690 danda
385 623 486 691 teneri
501 644 563 688 non
580 622 815 710 intelliguntur:
833 622 885 689 ubi
898 622 952 699 illi,
967 644 1114 689 eorumve
1128 623 1209 688 alter

106 723 266 800 defecerit,
282 745 404 810 aequum
421 732 479 800 est,
495 729 532 788 ut
547 743 626 787 avus
643 722 775 807 aviaque
792 744 850 810 pro
867 730 990 788 mortno
1005 721 1068 787 filio
1084 721 1210 808 filiaque

107 845 215 890 curam
231 822 398 910 suscipiant
414 831 562 910 nepotum
585 843 622 887 ac
638 821 796 908 neptium:
823 821 907 908 quod
924 821 1006 887 etin
1027 821 1211 908 parentibus

106 922 231 1011 longius
258 922 387 988 remotis
416 922 486 1023 pari
512 920 634 987 ratione
667 921 817 1008 procedit.
868 921 974 1008 Atque
1004 920 1077 986 hine
1106 928 1210 987 ortum

107 1023 207 1087 traxit
231 1020 284 1108 jus
305 1021 392 1097 illud,
415 1025 465 1087 ¹ut
486 1042 584 1106 nepos
604 1019 659 1084 filii
684 1020 751 1084 loco
772 1020 926 1096 succedat,
933 1019 1255 1144 quemadmodumm
1222 1040 1275 1085 ns.
1285 1041 1311 1080 n.
1320 1042 1346 1081 a

105 1121 263 1209 Ulpianus
288 1119 436 1207 loquitur.
486 1119 526 1186 Id
554 1118 749 1186 Modestinus
778 1120 867 1195 dixit,
899 1149 962 1188 τον
988 1123 1051 1188 τοῦ
1080 1143 1274 1240 marpach
1221 1087 1353 1223 Μυῒ*

107 1216 332 1294 ἀποθανόντος
365 1213 474 1289 τόπον
506 1222 664 1310 πληρουν.
715 1217 920 1298 lastinianus,
955 1247 1018 1300 την
1051 1178 1373 1320 πατρῴανζιὲᾒέ“ξ,

108 1314 285 1390 ὑπεισιέναι
302 1315 409 1408 τάξιν.
440 1319 538 1384 Isaeus
554 1319 694 1384 oratione
711 1316 751 1382 de
768 1317 1007 1383 Philoctemonis
1023 1318 1208 1397 hereditate,

109 1419 194 1485 hoe
185 1440 286 1506 lpsum
302 1414 445 1485 ⁶voout
429 1446 605 1486 οπανιιναι.
651 1416 742 1481 Philo
762 1417 911 1483 Judaeus.
940 1415 1042 1486 υἱωνοὶ
1055 1446 1128 1510 ’γαρ
1145 1447 1209 1486 πα·
1221 1436 1369 1522 buggonem

109 1514 215 1636 τέμνων
236 1513 510 1588 ἀποθανόντων
497 1545 530 1584 εν
551 1515 626 1585 υἱῶν
642 1511 736 1606 τάξει
759 1544 850 1608 παρα
880 1511 1028 1590 πάπποις
1051 1518 1210 1611 καταριθ-

107 1620 254 1699 μοῦνται·
277 1621 418 1704 Nepotes
428 1616 623 1702 parentibus
638 1617 776 1682 mortuis
783 1618 889 1728 ‘apud
905 1638 984 1682 aeos
993 1619 1141 1700 filiorum
1157 1618 1211 1684 ob-

106 1720 211 1784 tinent
228 1718 340 1783 locunt
391 1714 550 1783 Vreariam
566 1714 647 1779 hanc
663 1712 893 1794 successionem,
913 1707 1006 1801 kquse
1023 1737 1081 1803 per
1095 1716 1211 1804 stirpes

106 1817 153 1895 fit,
176 1815 487 1902 representationem
508 1834 621 1879 vocare
641 1821 749 1879 amant
771 1813 960 1881 recentiores
977 1814 1209 1901 jurisconsulti3

106 1937 201 2001 quam
225 1915 360 1981 valuisse
382 1915 478 1981 etiam
502 1912 587 2000 apud
616 1912 779 1989 Hebraeos,
803 1912 914 1979 divisio
941 1935 1089 2002 agrorum
1113 1922 1211 1980 terreo

107 2014 220 2081 Jacobi
241 2014 311 2079 filiis
330 2012 518 2102 ⁷promissae,
542 2020 653 2099 aperte
675 2011 750 2077 satis
771 2012 915 2078 ostendit.
968 2012 1057 2079 Sient
1077 2014 1159 2080 filius
1178 2025 1212 2081 et

109 2209 140 2255 ab
154 2209 269 2255 intestato
283 2208 431 2258 deferuntur.
447 2207 473 2269 (5
487 2208 520 2266 d).
546 2207 636 2254 Pietntl
683 2205 784 2253 timum:
798 2204 871 2266 idque
888 2205 1018 2253 secundum
1033 2204 1124 2266 Legem
1142 2206 1212 2253 Solo·

109 2284 134 2330 id
149 2284 263 2330 adsentit
277 2283 431 2343 Eginhnrdus
445 2284 470 2328 ln
485 2282 539 2328 Vita
551 2280 635 2329 Caroli
684 2282 730 2338 nis,
747 2294 801 2340 quse
816 2281 907 2340 legitur
924 2281 1021 2340 integra
1035 2281 1101 2340 apud
1116 2281 1211 2328 Denso-

109 2358 205 2418 Maqna'.
215 2354 635 2417 (Capi).Ed.Sotmtncl.)xsrsds-
684 2368 815 2413 mnnnnu,
835 2355 904 2403 Orat.
921 2356 947 2402 ιἰι
964 2356 1082 2404 muas.
1098 2371 1156 2416 psg.
1166 2357 1213 2405 eta

109 2432 265 2479 reostende
285 2428 636 2491 ἰδίονγονέααπόπονὺπιι-
685 2445 712 2479 n.
741 2432 860 2492 Adeoque
874 2432 941 2478 loeus
956 2432 1054 2478 ommno
1069 2432 1160 2479 alienus
1175 2438 1213 2481 est

110 2507 223 2554 σιλθιῖν·
240 2506 353 2553 Poeterce
367 2507 393 2552 ia
406 2506 445 2552 ssi
462 2518 573 2566 ανεπιονο
587 2518 635 2563 pa-
685 2507 943 2567 are,dsqnasgitnr.
973 2507 1044 2554 JJs.

108 2584 183 2629 πανὺ
191 2583 267 2630 locum
275 2582 362 2640 satire,
373 2581 435 2627 dixit
448 2580 552 2627 Michael
562 2580 636 2626 Ata-
728 2580 740 2616 ¹
758 2581 817 2642 Qun
822 2596 869 2641 per
875 2581 1008 2642 rtirpesfit]
1025 2583 1064 2628 Sic
1074 2582 1099 2628 in
1109 2582 1212 2629 sortien-

108 2659 176 2706 uass.
685 2655 722 2701 dis
736 2656 835 2702 urbibus
850 2657 913 2703 inter
928 2656 1071 2703 Heraclidas
1085 2657 1172 2703 Proclo
1187 2661 1213 2704 et

153 2734 258 2780 ⁶Lcens
277 2734 315 2778 est
332 2744 389 2790 pag.
409 2728 464 2778 sot.
484 2726 535 2775 Ed.
559 2726 635 2775 Παλ.
685 2731 838 2792 Eurystheni,
855 2736 883 2777 nt
898 2731 929 2777 sb
944 2731 1099 2778 Aristodemo
1116 2731 1213 2778 venien-

110 2806 138 2854 ¹0
148 2809 199 2868 γᾰρ
210 2808 283 2864 νόμος
292 2808 336 2853 οὐκ
349 2806 379 2865 ἐᾷ
393 2804 529 2861 ἐπανιέναι,
545 2803 588 2850 ι’ᾰν
602 2802 636 2862 μοι’
684 2805 757 2861 tibus,
765 2819 814 2851 una
823 2819 875 2851 sors
888 2806 936 2851 fuis
948 2812 1033 2853 conns
1044 2806 1177 2852 Temenum
1187 2809 1213 2853 et

110 2882 163 2930 ulte
179 2882 312 2941 καταλίπῃ
328 2879 439 2940 γνήσιον.
470 2879 517 2926 Sed
532 2879 566 2925 ibi
586 2891 635 2925 non
686 2880 1213 2940 Cresphontem:meminitApollodornslibro

109 2958 191 3019 agitur
200 2958 230 3003 de
240 2956 388 3003 successione
398 2953 502 3014 Nepotis
516 2953 540 2999 in
555 2953 635 3000 locum
685 2968 715 3002 ιι.
732 2956 767 3012 (ο.
784 2958 807 3007 8.
823 2955 837 3017 5
852 2954 888 3015 4).
912 2956 1042 3002 Pausanias
1059 2955 1214 3012 (Messeniae.

109 3034 159 3090 filii,
174 3046 255 3079 verum
271 3032 301 3077 de
314 3030 369 3077 Filii
384 3029 501 3089 Adoptivl
515 3029 595 3076 reditu
609 3029 634 3075 in
684 3044 706 3077 o.
717 3029 754 3088 3).
778 3031 866 3077 Strabo
877 3031 932 3078 Lib.
942 3045 1001 3078 vrri.
1014 3030 1084 3092 [pag.
1095 3029 1166 3091 364].

108 3107 223 3154 familiam
242 3106 321 3153 Petris
341 3105 472 3160 Naturalis,
488 3104 531 3164 qni
543 3105 635 3150 reditus
728 3104 739 3137 ⁷
765 3106 860 3154 Posteri
881 3107 1019 3167 Ephrslmis
1042 3112 1068 3154 et
1093 3106 1214 3153 Manassis

109 3182 161 3228 lieri
180 3196 229 3229 non
247 3184 351 3241 poterat,
367 3180 413 3225 nisi
428 3179 480 3238 ipse
500 3179 525 3223 in
544 3178 636 3224 familia
685 3193 733 3225 non
744 3183 838 3226 lantum
849 3181 1214 3240 propterjusrepraeseutationis

109 3258 189 3305 Patris
203 3255 319 3315 Adoptiri
334 3253 470 3311 reliquisset
482 3252 559 3297 filium
573 3252 635 3310 legl-
685 3258 778 3310 partem
804 3254 941 3300 habuerunt
968 3255 1049 3301 Terras
1073 3253 1212 3313 promissor

112 3537 192 3593 whcn
206 3534 256 3592 the
269 3541 393 3608 parents,
403 3550 436 3589 or
449 3549 504 3588 oue
514 3534 548 3587 of
555 3532 643 3599 them,
657 3532 729 3597 faiis,
740 3534 764 3588 it
778 3534 801 3589 is
816 3533 959 3606 equitable
972 3533 1035 3590 that
1046 3533 1096 3590 the
1107 3534 1213 3607 grand·

111 3624 206 3679 father
219 3623 276 3677 and
289 3618 490 3693 grandmother
505 3618 606 3674 should
621 3620 778 3675 undertake
792 3619 842 3675 the
859 3636 924 3675 care
940 3621 973 3675 of
990 3620 1038 3676 the
1052 3620 1212 3693 grandchil-

111 3711 182 3765 dren
202 3709 248 3764 for
264 3708 340 3763 thcir
360 3705 478 3760 defunct
495 3721 547 3760 son
563 3705 621 3759 and
642 3704 796 3776 daughter:
819 3706 876 3761 and
894 3706 950 3762 thie
967 3721 1035 3778 goes
1053 3723 1091 3761 on
1108 3709 1138 3761 in
1155 3707 1213 3763 like

111 3812 230 3852 manner
247 3801 278 3849 to
292 3798 406 3866 parents
417 3791 475 3846 still
487 3790 599 3846 further
610 3791 752 3847 removed.
782 3792 848 3846 And
864 3792 954 3848 hence
967 3795 991 3848 ie
1008 3792 1058 3848 the
1073 3794 1164 3864 origin
1182 3793 1216 3850 of

110 3883 173 3938 that
184 3881 260 3954 right
273 3881 312 3952 by
326 3878 417 3934 which
430 3876 480 3932 the
497 3878 638 3950 grandson
654 3877 787 3933 succeeds
797 3878 828 3931 in
842 3877 891 3933 the
905 3879 985 3951 place
1000 3880 1033 3934 of
1041 3878 1091 3936 tho
1102 3896 1163 3946 son,
1180 3897 1213 3935 as

110 3968 216 4040 Ulpian
228 3967 336 4040 speaks.
368 3966 424 4021 Sec
440 3965 624 4030 Modestinus,
641 3964 792 4029 Justinian,
803 3964 897 4029 Iernos,
912 3965 994 4021 Philo
1011 3965 1136 4032 Judaeus,
1153 3965 1213 4021 De-

111 4054 281 4109 mosthenes.
318 4050 386 4107 This
405 4051 542 4106 ricarious
560 4051 717 4106 succession
734 4050 772 4123 by
791 4050 889 4123 family
905 4051 1051 4118 branchos,
1068 4052 1118 4106 the
1132 4068 1212 4106 more

111 4144 208 4194 recent
227 4141 247 4195 J
248 4140 330 4194 urists
344 4138 398 4193 call
411 4137 640 4208 Represeutetr‘on.
665 4135 732 4191 This
744 4137 887 4208 prevailed
901 4154 1003 4209 among
1015 4138 1064 4194 the
1076 4137 1213 4191 Hebrews

112 4224 181 4288 also,
197 4240 228 4280 ns
245 4224 293 4280 the
312 4223 479 4279 divisiones
494 4222 543 4277 the
557 4222 698 4294 promised
713 4221 780 4277 land
791 4240 894 4295 among
912 4223 962 4278 the
980 4239 1045 4278 sons
1066 4223 1099 4278 of
1112 4222 1212 4288 Jacob,

112 4310 220 4382 plainly
240 4310 337 4366 ahons.
379 4307 526 4381 [Ephraim
540 4309 597 4363 and
616 4308 775 4374 Manassch,
787 4308 836 4364 the
853 4326 919 4364 sons
933 4310 967 4364 of
979 4308 1094 4380 Joseph,
1107 4308 1212 4383 haring

112 4396 184 4455 alot
191 4414 200 4463 ς
214 4395 267 4451 but
280 4397 309 4450 in
321 4397 379 4453 fact
390 4396 458 4469 they
472 4395 529 4450 had
540 4396 603 4450 sect
617 4395 693 4463 alut,
705 4395 791 4471 being
802 4395 934 4471 adopted.
964 4395 993 4451 J.
1007 4389 1058 4465 B.]
