2866 4906
528 227 826 285 Pnouuuonssuuu.
1177 213 1229 278 lvii

131 387 259 476 poribus
286 391 538 458 accommodatae.
591 390 717 479 Optime
746 389 827 455 enim
854 389 971 455 dictum
1000 395 1049 454 est
1077 409 1098 453 e
1126 385 1228 453 Dione

130 488 316 567 Prueoeenei
335 488 417 557 inter
431 491 536 557 hostes
552 490 669 578 scripte
684 489 807 576 quidem
823 488 907 576 jure,
923 488 956 553 id
973 497 1029 566 est,
1048 486 1150 553 cicilie
1164 508 1227 551 non

131 587 246 665 velere,
269 597 304 654 et
324 589 451 656 yvelere
473 612 535 655 non
557 590 682 678 scripte,
705 589 737 654 id
763 598 821 664 est,
845 610 883 654 ee
905 610 977 674 quee
999 597 1114 653 neture
1129 586 1227 652 dictet

130 695 190 752 eut
204 687 346 775 gentium
363 711 527 755 consensus
543 688 709 755 constituit.
748 686 851 753 Docet
867 687 926 753 hoc
942 696 1032 753 vetus
1043 687 1097 752 ille
1109 686 1227 751 Rome·

130 809 241 853 norum
261 786 414 854 formule:
440 812 496 855 cuo
511 812 562 856 reo
577 811 664 875 puro
682 790 801 874 pioque
822 788 929 853 duello
948 789 1138 870 quoereodas
1158 808 1227 852 ceu-

130 909 192 953 seo.
245 887 344 953 iidem
363 899 485 954 veteres
502 888 644 964 Romani,
663 896 698 953 ut
715 887 819 952 Varro
835 886 974 962 nocebat,
991 885 1073 951 belle
1089 885 1180 951 tende
1194 890 1227 949 et
1239 916 1321 956 ικνν.
1332 917 1381 1001 r?

1240 964 1297 1001 Rom
1306 972 1348 1011 epu

130 985 216 1052 nullu
231 985 356 1053 licentis
370 987 585 1075 suscipiebant,
602 987 684 1074 quod
699 985 813 1052 bellum
830 984 947 1050 nullum
963 984 1020 1050 nisi
1037 984 1120 1071 pium
1136 993 1226 1070 pute-
1238 1007 1294 1047 uec
1304 1009 1375 1057 esee

131 1085 208 1150 baut
223 1085 293 1174 geri
310 1095 463 1174 oportere.
515 1086 663 1153 Camillus
678 1085 763 1173 juste
784 1107 847 1149 non
864 1083 965 1148 minus
987 1106 1080 1171 quem
1101 1082 1226 1148 fortiter
1239 1111 1353 1159 nucu.

132 1185 214 1250 belle
230 1186 369 1273 gerendo
384 1187 526 1252 dicebat:
550 1185 728 1261 Africanus,
752 1184 899 1270 populum
916 1184 1091 1248 Romanum
1113 1191 1146 1248 et
1161 1204 1226 1247 sus-
1239 1209 1390 1250 remmus

131 1283 236 1370 cipere
253 1283 339 1370 juste
358 1286 439 1351 belle
461 1295 494 1351 et
516 1285 624 1351 finire:
647 1284 741 1370 Apud
757 1284 852 1348 elium
869 1283 965 1368 leges,
991 1284 1075 1347 Sunt
1091 1294 1121 1347 et
1141 1283 1225 1357 belli,
1240 1305 1393 1359 uur‹.=.ez.]]

132 1386 219 1449 ciem
244 1396 275 1450 et
291 1388 390 1471 pacis
403 1387 496 1469 juro
550 1383 644 1449 Alius
662 1382 841 1449 Fabricium
859 1380 990 1445 miretur
1004 1379 1162 1469 ingentem
1179 1379 1228 1444 wi·
1239 1404 1337 1502 iffi*
1344 1415 1375 1456 ep.

132 1504 212 1559 rum,
235 1491 268 1548 et
284 1485 367 1570 quod
384 1484 591 1551 difficillimum
613 1491 662 1549 est
677 1482 711 1547 in
728 1481 808 1547 bello
831 1481 1035 1558 innocentem,
1053 1489 1086 1546 et
1103 1477 1156 1566 qui
1172 1477 1228 1544 eli·
1275 1479 1280 1488 '

133 1581 207 1668 quid
225 1604 293 1648 esse
309 1583 452 1649 crederet
466 1593 499 1649 et
515 1583 547 1648 in
563 1583 683 1647 hostem
700 1581 797 1648 usius.

206 1681 250 1749 27
286 1682 443 1760 Quantam
470 1683 533 1748 uim
559 1682 675 1747 hebeet
700 1680 733 1745 in
759 1678 847 1745 bellis
874 1677 1018 1765 'justitiae
1045 1677 1230 1744 conscientie

131 1780 245 1868 pessim
269 1782 437 1848 ostendunt
461 1780 659 1849 historiarum
682 1779 860 1866 scriptores,
884 1778 937 1864 qui
962 1777 1122 1844 uictoriam
1146 1799 1230 1864 eaepe

157 1937 364 1989 Mfflfflim
372 1939 624 1989 ΠῘΜἏΡΜΜΜ
707 1939 735 1985 iu
751 1940 831 1985 κακῶν
846 1938 887 1984 eei
902 1937 1000 1996 ἀσεβῶν
1015 1936 1096 1997 ἔργων
1111 1937 1231 1998 χάριτας·

134 2010 196 2057 Vide
206 2012 251 2057 hec
261 2012 291 2058 ds
306 2026 332 2058 rc
349 2012 463 2073 Cyrilinm
479 2012 594 2058 αάνσννν
608 2010 657 2058 Jec-
709 2013 845 2072 Suntaped
857 2013 921 2058 ciros
936 2013 1007 2058 bonos
1021 2012 1126 2070 muriam
1140 2018 1162 2058 et
1176 2012 1232 2059 belli

132 2085 223 2131 limes
236 2085 298 2132 libro
312 2099 348 2132 vr.
364 2085 436 2147 [Peg.
453 2087 505 2134 191.
517 2085 562 2131 Ed
577 2083 657 2144 spes-
701 2086 817 2144 jermncc
826 2089 862 2133 ito
871 2086 983 2133 sectando
992 2087 1094 2132 ciderio
1103 2092 1176 2144 est,ut
1186 2101 1232 2132 noe

132 2160 191 2207 huwe.
201 2161 243 2206 ubi
253 2165 334 2207 umen
344 2175 425 2207 verene
438 2160 520 2221 peullc
534 2159 604 2205 elitcr
618 2171 657 2205 re·
698 2163 816 2222 suqiater
825 2162 917 2207 utilitas
927 2175 955 2206 ee·
961 2161 1047 2220 ρναυίε
1057 2160 1181 2220 impiisque
1189 2174 1231 2206 uc·

131 2235 216 2282 retur.
246 2233 329 2295 Mu]
708 2237 809 2283 tionibus
814 2235 1028 2296 proveniens-(Vir.
1038 2234 1230 2296 Caerupuuc.)

175 2309 281 2356 ⁷Locus
296 2315 333 2356 est
347 2310 372 2355 in
386 2310 501 2357 Oretious
514 2309 544 2357 de
558 2308 658 2357 cuem-
750 2311 883 2357 =Jeeririoe
905 2309 1056 2369 conscientie]
1076 2310 1143 2356 Bene
1167 2309 1232 2369 epud

131 2399 193 2442 mo,
202 2399 262 2446 pag.
271 2388 301 2432 38
311 2399 335 2432 c.
365 2385 391 2433 J.
401 2385 446 2433 B..
707 2386 847 2446 Appianum
862 2384 1007 2443 Pompeiae:
1025 2382 1123 2443 θαρρεῖν
1142 2383 1167 2428 tii
1184 2382 1233 2442 χρνί

174 2465 186 2496 ¹
206 2458 350 2505 Veterem
369 2458 474 2519 scripta]
497 2460 556 2506 Ideo
571 2459 658 2505 Alton·
708 2466 763 2507 τοῖν
779 2477 809 2505 re
830 2458 895 2505 teon
915 2459 955 2506 erni
976 2459 1045 2517 αὐτῷ
1062 2459 1099 2515 τῷ
1116 2456 1233 2516 λογισμῷ

132 2546 173 2579 ω
192 2547 234 2579 rex
254 2533 418 2593 interrogetur
437 2535 523 2594 plusne
541 2534 607 2580 libne
627 2548 657 2580 eu
708 2536 754 2581 τοῦ
768 2533 882 2595 πολέμου
896 2531 1133 2588 καλιὶνκαίδικαίαν
1146 2530 1232 2590 ἔχοντι

132 2608 205 2654 umis
214 2608 321 2665 deberet,
332 2609 400 2666 dixit,
410 2623 439 2656 ex
450 2610 515 2655 libris
526 2623 552 2655 se
562 2615 659 2657 semme
709 2610 860 2668 φιλοτιμίαν
880 2609 943 2668 ὑπὲρ
959 2608 1069 2668 πατρίου
1083 2605 1232 2653 πολιτείας·

133 2683 351 2743 etermorumjure
361 2683 478 2730 didicisse.
500 2683 658 2730 Plutus-chus:
709 2685 782 2743 (Beli.
804 2684 855 2732 Cic.
872 2685 926 2731 Lib.
945 2697 975 2730 11.
990 2698 1015 2744 p.
1032 2681 1099 2743 460.)
1116 2681 1232 2741 respicere

133 2757 182 2803 eici
197 2757 222 2803 δὲ
238 2755 280 2803 καὶ
295 2758 414 2815 πολέμων
429 2757 494 2816 ὅμως
508 2758 574 2804 τινὲς
589 2757 659 2804 rocos
707 2765 798 2820 oportet
807 2760 865 2806 Diis
874 2765 896 2806 ct
906 2773 984 2806 cauea
993 2758 1049 2806 uelit
1058 2757 1232 2815 mejesta-

133 2836 188 2877 eote
199 2829 305 2890 ἀγαθοῖν
315 2829 426 2890 ἀνδράσι,
437 2830 478 2876 eet
488 2831 520 2876 τὸ
531 2831 601 2891 νικᾷν
611 2833 659 2892 οὐχ
707 2848 753 2894 qus
766 2835 866 2895 accepti
881 2833 959 2881 dudio
976 2833 1010 2879 ad
1023 2833 1130 2880 uadem
1141 2833 1232 2892 perric

133 2907 198 2953 οὕτω
214 2903 341 2961 διωκτέον,
357 2904 424 2952 ὥστε
438 2905 472 2964 μη·
488 2905 593 2965 φεύγειν
613 2907 658 2953 ris
708 2913 801 2957 ndum.
828 2909 924 2957 Ceeeius
941 2908 1005 2969 epud
1026 2908 1144 2955 eundem:
1158 2910 1231 2968 μιγῑ.

482 3036 509 3040 ---
516 3036 622 3043 -n
764 3038 852 3045 -.--
871 3040 877 3043 .

134 3125 158 3180 it
171 3126 195 3180 is
206 3123 375 3197 excollentIy
383 3126 442 3180 seid
455 3125 492 3199 by
504 3126 560 3182 Dio
572 3127 751 3192 Prusmoneis,
760 3127 823 3183 thet
836 3129 963 3184 between
977 3128 1108 3190 enemies,
1120 3126 1232 3183 written

135 3211 210 3276 iewe,
223 3210 288 3267 thet
305 3211 339 3277 is,
360 3212 431 3266 civil
445 3213 533 3278 Lews,
547 3230 596 3268 uro
609 3221 660 3268 not
680 3215 709 3268 in
727 3214 822 3279 forco;
842 3214 895 3269 but
916 3213 978 3268 thet
996 3213 1146 3267 unwritten
1165 3213 1232 3268 lewe

134 3313 192 3362 ero,
208 3296 330 3368 nemeiy,
348 3296 429 3353 those
443 3298 534 3354 which
547 3306 647 3354 neture
665 3300 792 3364 dictetee,
814 3316 846 3354 or
867 3299 917 3354 the
936 3305 1052 3353 consent
1069 3298 1102 3352 of
1120 3299 1232 3353 notione

136 3383 286 3438 institutes.
321 3383 375 3437 We
389 3400 453 3456 mey
467 3384 545 3439 leern
557 3385 612 3439 thie
623 3386 696 3440 from
714 3386 763 3441 the
777 3385 825 3440 oid
840 3383 973 3438 Formule
987 3383 1020 3437 oi
1031 3381 1080 3437 the
1091 3383 1231 3449 Romens3

137 3469 258 3524 Idoce'dc
278 3469 337 3523 thot
358 3470 427 3524 thoes
448 3472 535 3542 tisiwys
554 3489 619 3542 moy
639 3473 668 3526 be
690 3473 784 3543 coeptet
805 3473 838 3541 by
859 3488 879 3523 a
896 3486 967 3540 pure
987 3469 1045 3522 and
1064 3469 1144 3539 picus
1160 3486 1230 3525 war.

136 3553 197 3609 The
217 3571 295 3609 nme
316 3554 365 3609 old
384 3556 517 3621 Romeus,
538 3573 569 3610 es
583 3557 673 3612 Verro
692 3557 848 3619 remerked,
870 3554 1028 3610 undertook
1046 3570 1104 3607 wer
1120 3554 1232 3628 terdily‚

135 3640 191 3695 end
200 3640 319 3695 without
329 3639 459 3713 eliowing
468 3641 634 3697 themselves
645 3661 700 3715 any
711 3645 824 3707 licenco,
831 3643 950 3697 because
961 3640 1029 3712 they
1039 3638 1161 3711 thought
1171 3640 1234 3698 thet

134 3742 172 3782 no
183 3743 242 3781 wer
255 3733 359 3798 except
370 3744 387 3780 e
398 3728 479 3799 pious
490 3745 545 3783 ono
555 3728 643 3800 ought
654 3735 684 3784 to
698 3731 732 3785 be
741 3729 925 3784 undertaken.
955 3726 1088 3781 Gemiilus
1099 3725 1159 3780 eeid
1171 3725 1234 3782 thet

135 3828 205 3868 were
219 3828 294 3867 were
313 3818 344 3868 to
362 3812 399 3868 be
418 3815 527 3869 cerried
547 3830 584 3868 on
603 3831 640 3869 uo
662 3815 715 3870 leee
733 3815 821 3888 justly
838 3814 908 3869 then
926 3811 1049 3885 brevely.
1086 3811 1234 3868 Africanus

135 3898 204 3963 eeid,
218 3897 282 3954 rhet
299 3897 349 3954 the
367 3900 492 3955 Romane
506 3900 598 3972 began
614 3901 673 3970 just
687 3919 765 3966 were,
781 3900 837 3955 end
858 3898 950 3954 ended
965 3898 1052 3954 them.
1090 3897 1188 3968 Agein,
1204 3899 1234 3953 in

135 3985 206 4057 Livy
228 4001 271 4040 wo
293 3984 370 4047 reed,
399 3984 470 4040 Wor
489 3987 538 4040 isus
561 3988 595 4040 its
618 3987 684 4041 lawe
705 4006 739 4041 uo
762 3987 810 4042 lese
829 3987 896 4041 than
914 4001 1003 4055 peuce.
1038 3983 1103 4039 And
1127 3983 1235 4040 Seneca

133 4071 256 4127 comites
270 4070 417 4127 Fabricius
430 4087 460 4127 es
475 4089 493 4126 e
509 4078 590 4143 great
610 4089 685 4137 men,
703 4072 768 4138 ond,
785 4071 860 4126 whet
874 4072 897 4124 is
912 4076 985 4125 most
999 4068 1124 4133 difficule,
1141 4086 1234 4125 emen

133 4158 268 4212 innocent
280 4173 351 4214 ewen
366 4158 396 4211 in
413 4174 479 4223 wer,
493 4157 550 4212 end
562 4156 624 4212 who
641 4156 762 4229 thought
780 4155 844 4213 thet
857 4157 938 4212 thore
952 4172 1024 4212 were
1041 4171 1150 4226 wrongs
1164 4173 1235 4212 eren

131 4244 255 4299 towerde
268 4260 307 4297 en
321 4259 430 4314 enemy.

187 4336 223 4388 27
243 4330 319 4385 How
331 4337 413 4401 greet
422 4329 472 4386 the
485 4348 581 4403 power
594 4331 628 4388 oi
640 4329 688 4387 the
700 4332 862 4388 conscience
873 4331 906 4387 oi
909 4331 1012 4404 justice
1023 4332 1055 4396 ie,
1066 4330 1116 4388 the
1128 4329 1235 4383 writers

132 4415 168 4473 of
182 4416 316 4475 historice
334 4415 511 4489 everywhere
531 4419 614 4484 shew,
636 4418 717 4475 osten
737 4418 876 4490 escribiug
896 4419 1003 4488 victory
1022 4424 1053 4472 to
1074 4417 1131 4472 this
1152 4430 1235 4471 eeuse
