2866 4906
245 196 309 258 310
493 202 545 256 ΒΕ
567 200 841 266 AOQUISITIONE
865 198 1096 256 ORIGINARIA
1181 271 1182 274 Ἰ
1212 196 1285 266 [Lis
1299 198 1339 252 11.

321 369 343 431 2
377 365 427 432 Ab
448 365 506 431 hac
528 364 733 453 generalitate
751 363 853 430 eximo
878 363 1075 430 matrimonia
1100 371 1265 451 parentum
1289 385 1342 428 cu-

240 463 414 554 juscunque
431 465 548 554 gradus
564 487 634 529 cum
650 464 766 541 liberis,
784 486 854 549 quae
870 485 932 550 quo
948 463 1048 529 minus
1061 463 1146 529 licita
1161 463 1235 540 sint,
1258 462 1342 528 ratio

246 566 291 650 (ni
307 565 411 650 fallor)
428 565 503 630 satis
520 571 662 652 apparet.
712 564 745 628 N
745 585 795 628 am
818 585 875 627 neo
897 562 1036 639 maritus,
1063 561 1117 649 qni
1134 562 1276 649 superior
1292 571 1343 628 est

246 664 317 754 lege
333 663 529 741 matrimonii,
548 686 617 729 eam
631 663 838 729 reverentiam
855 670 958 748 potest
970 670 1122 749 praestare
1139 661 1233 727 matri
1247 683 1343 748 quam

246 773 361 832 natura
379 763 486 851 exigit,
511 785 568 829 uec
591 762 675 850 patri
692 761 774 839 filia3
801 761 875 849 quia
897 783 1074 848 quanquam
1090 760 1221 826 inferior
1237 769 1286 827 est
1307 761 1343 825 in

247 862 452 940 matrimonio,
472 862 572 950 ipsum
590 871 695 929 tamen
710 861 940 928 matrimonium
959 863 1054 927 talem
1076 859 1194 926 inducit
1213 860 1344 927 societa-

247 970 321 1040 tem,
351 984 422 1048 quae
448 961 529 1027 illius
558 960 790 1029 necessitudinis
809 960 1019 1027 reverentiam
1050 959 1203 1025 excludat
1253 959 1345 1025 Bene

85 1085 290 1177 parm*
229 1063 365 1132 ,Paulus
381 1060 634 1141 Jurisconsultus,
661 1081 730 1126 cum
747 1059 899 1126 dixisset
890 1082 922 1124 m
944 1059 1164 1126 contrahendis
1185 1059 1345 1125 matrimo-

84 1132 279 1218 ¹⁴'·''dcesa
248 1161 308 1227 mis
334 1161 528 1228 Ζἰιιιιιιιιιο
514 1183 568 1247 Jus
594 1169 627 1227 et
652 1159 803 1247 pudorem
829 1158 1060 1246 inspiciendum,
1088 1158 1209 1225 addidit
1235 1167 1345 1225 contra

248 1262 399 1349 pudorem
422 1283 488 1327 esse
505 1260 599 1326 filiam
621 1281 709 1327 suam
725 1280 855 1325 uxorem
871 1260 995 1324 ducere.
1048 1259 1140 1323 Talia
1157 1258 1256 1346 igitur
1272 1280 1346 1323 con·

243 1361 335 1449 jugia
348 1362 433 1427 haud
450 1360 652 1426 dubitandum
675 1359 750 1445 quin
770 1367 803 1424 et
823 1358 930 1423 illicita
953 1357 1024 1437 sint,
1045 1367 1078 1424 et
1098 1357 1190 1423 irrita
1204 1357 1343 1446 iusuper,

248 1460 322 1546 quia
339 1460 449 1526 vitium
465 1468 617 1546 perpetuo
631 1457 755 1524 effectui
770 1457 922 1524 adhaeret.

324 1562 346 1624 3
379 1561 491 1645 Neque
507 1579 634 1624 morere
649 1578 706 1622 nos
723 1555 817 1622 debet
836 1554 987 1646 Diogenis
1007 1565 1040 1622 et
1058 1555 1228 1646 Chrysippi
1249 1578 1346 1645 argu·

248 1667 397 1736 mentum,
423 1679 443 1724 a
467 1657 558 1746 gallis
579 1655 757 1745 gallinaceis
779 1655 908 1743 ahisque
929 1655 1137 1723 animantibus
1154 1656 1247 1722 mutis
1264 1657 1346 1743 peti·

248 1765 326 1834 tum,
345 1779 407 1842 quo
423 1758 558 1844 probare
569 1756 717 1822 volebant
733 1755 964 1821 commixtiones
980 1755 1058 1821 tales
1073 1777 1136 1821 nou
1152 1777 1220 1821 esse
1236 1763 1347 1821 contra

244 1855 297 1943 jus
319 1865 449 1922 naturae.
500 1856 592 1932 Nam,
618 1864 655 1921 ut
675 1853 762 1920 initio
785 1853 858 1920 libri
877 1854 1019 1931 diximus,
1041 1855 1117 1921 satis
1139 1864 1197 1933 est,
1222 1854 1249 1920 si
1274 1877 1346 1920 cum

248 1963 363 2021 natura
385 1956 521 2021 humana
545 1954 620 2042 quid
644 1962 772 2042 pugnet,
799 1962 836 2019 ut
856 1953 996 2020 illicitum
1011 1954 1173 2020 habeatur.
1224 1955 1269 2019 Iit
1285 1955 1346 2020 hoo

86 2064 204 2162 {5531ng
249 2063 297 2120 est
318 2054 479 2131 incestum,
513 2054 597 2140 quod
622 2053 713 2140 “jure
740 2052 880 2142 gentium
903 2052 1052 2119 committi
1082 2052 1205 2140 scripsit
1227 2054 1346 2119 Paulus

245 2153 472 2240 jurisconsultis
503 2153 587 2220 iuter
616 2153 733 2243 gradus
762 2151 992 2219 ascendentium
1020 2161 1053 2218 et
1079 2152 1344 2220 descendentium.

86 2287 164 2329 m
174 2288 235 2328 ua,
250 2253 323 2320 Hoc
345 2265 393 2320 cst
412 2252 465 2340 jus
480 2253 557 2320 illud
574 2253 658 2340 quod
675 2252 852 2339 Xenophon
875 2250 920 2317 ait
935 2272 999 2316 nou
1018 2273 1055 2316 eo
1071 2251 1171 2317 minus
1188 2251 1242 2339 jus
1264 2273 1346 2331 esse,

86 2333 215 2420 mano,

86 1225 153 1274 Nape

293 2429 657 2492 2Naeoalejusetpaaorem
647 2428 772 2489 rnspt'ec'en·
823 2426 935 2475 tamum
966 2429 1014 2475 sini
1042 2429 1154 2488 oportuit,
1183 2431 1349 2486 ooalemerau,

249 2502 316 2563 dum]
337 2504 442 2564 Egregie
456 2505 500 2550 hoc
513 2505 651 2563 exsequitur
663 2502 732 2548 Philo
744 2502 774 2547 de
822 2517 894 2563 neque
909 2504 1116 2563 mastitiaeque
1130 2505 1231 2551 materni
1244 2504 1348 2549 nominis

250 2577 400 2637 specialibus
409 2577 512 2638 Legibus
517 2593 529 2634 ,·
544 2579 585 2623 ubi
596 2593 647 2624 esse
657 2579 715 2623 dicit
730 2578 772 2637 με’-
822 2579 961 2624 uerecundia
980 2580 1054 2639 tongi,
1070 2579 1165 2626 amdam
1183 2579 1282 2637 ejudem
1297 2593 1349 2625 erse

249 2669 341 2712 γιστον
354 2653 550 2713 ἀνοσιούργημα,
560 2653 687 2699 maximam
697 2653 772 2711 ursas,
815 2655 898 2713 filium
907 2659 930 2700 et
945 2656 1064 2711 maritum,
1074 2655 1170 2701 eandem
1182 2654 1282 2712 ejusdem
1295 2669 1348 2700 ma·

250 2728 348 2787 πατρὸς
368 2728 439 2783 eboris
459 2729 682 2784 τετελευτηκότος,
701 2726 729 2783 ἢν
744 2727 772 2774 ἄ·
824 2733 883 2774 trem
902 2734 924 2775 et
947 2743 1049 2775 aaaron.
1073 2729 1146 2790 (Pag.
1167 2731 1212 2779 778
1230 2744 1255 2778 ο.
1275 2730 1348 2778 Edit.

250 2803 369 2862 ψαυστον
379 2802 411 2848 uis
421 2802 488 2862 lrpdo
498 2803 574 2862 ἐχρῆν
585 2803 772 2861 φνλάττεσθαι,
824 2804 925 2860 Paris.)

250 2877 603 2937 καταισχύνειν,γήριοςδὲκαὶ
612 2878 773 2935 μητρὸιαιδῶ
867 2880 954 2926 ¹Jure
974 2880 1085 2941 qenli'um]
1101 2881 1140 2928 Slo
1159 2885 1184 2928 et
1202 2881 1350 2941 Papinianus

250 2949 284 3008 μή
301 2949 448 3008 λαμβάνειν,
468 2950 515 2994 τὸν
532 2951 609 2995 αὑτὸν
632 2953 678 3004 τῆς
698 2952 774 3006 αὐτῆς
823 2954 931 3015 loquitur
947 2956 972 3001 ln
985 2956 1013 3003 L.
1031 2957 1061 3003 Si
1076 2957 1228 3003 Adulterium.
1243 2959 1281 3004 38.
1298 2957 1313 3017 ξ
1330 2962 1347 3003 2

252 3024 304 3069 υἱὸν
316 3024 356 3069 καὶ
368 3023 444 3081 ἄνδρα
455 3022 579 3081 γενέσθαι,
588 3024 629 3068 scal
639 3022 718 3069 πάλιν
728 3024 774 3079 τήν
823 3030 856 3077 D.
872 3030 907 3076 ad
915 3030 987 3090 legem
997 3020 1094 3078 ,Iuliani
1101 3033 1129 3079 de
1139 3031 1280 3078 Adulterir'r.

251 3097 329 3154 abacis
340 3099 381 3144 νῦν
390 3096 486 3157 μητέρα
497 3096 536 3144 nal
551 3101 673 3157 γυναῖκα·
688 3098 774 3146 Patris
868 3105 879 3140 b
893 3106 916 3152 Α
927 3106 1011 3153 pm&
1024 3107 1219 3168 comm]
1236 3107 1349 3162 Quorum

251 3172 428 3231 mirabile,
443 3171 512 3233 qaod,
525 3176 684 3232 tanquamres
694 3188 774 3233 caea,
824 3178 869 3225 hae
885 3180 910 3225 in
933 3194 960 3227 re
977 3182 1066 3228 οιιιιιοιι
1085 3183 1153 3231 bellis
1168 3183 1299 3245 perpetuis,
1320 3199 1351 3232 ao

554 3318 653 3325 ——-

306 3428 323 3476 2
344 3423 429 3477 From
444 3423 499 3479 this
513 3425 627 3495 general
642 3427 761 3491 remark,
776 3426 791 3480 I
804 3434 904 3500 except
918 3427 966 3484 the
978 3429 1065 3483 anion
1079 3428 1113 3484 of
1123 3432 1237 3500 parents
1249 3426 1282 3483 of
1294 3445 1352 3501 any

251 3509 353 3578 degree
372 3509 438 3563 with
457 3511 531 3564 their
551 3511 691 3577 children;
718 3512 771 3578 for,
793 3513 819 3567 if
837 3515 851 3568 I
874 3532 921 3568 am
944 3522 995 3571 not
1018 3515 1158 3579 deceired,
1179 3514 1227 3568 the
1250 3531 1352 3569 reason

252 3594 313 3665 th
332 3594 401 3648 such
423 3596 523 3650 unions
543 3614 591 3650 are
612 3597 744 3652 unlawful
763 3600 787 3653 is
805 3606 951 3671 apparent,
988 3603 1045 3656 For
1066 3600 1115 3655 the
1136 3599 1273 3664 husband,
1287 3599 1351 3654 who

251 3679 274 3733 is
290 3679 338 3733 the
353 3680 479 3750 superior
490 3681 528 3752 by
538 3682 587 3736 tho
599 3683 652 3736 law
666 3684 699 3738 of
707 3686 884 3758 matrimony,
899 3687 982 3741 could
996 3693 1047 3742 not
1061 3703 1117 3757 pay
1131 3693 1161 3741 to
1176 3686 1220 3739 his
1234 3686 1350 3741 mother

251 3762 348 3834 (being
367 3763 409 3819 his
431 3764 507 3833 wife)
530 3766 579 3822 the
596 3786 744 3824 reverenco
766 3770 856 3825 which
877 3777 979 3827 nature
1000 3774 1141 3843 requires;
1162 3788 1214 3825 nor
1232 3772 1316 3826 could
1334 3789 1354 3826 a

251 3849 389 3919 daughter
402 3856 432 3904 ιο
445 3868 462 3905 a
473 3851 580 3917 father;
602 3855 647 3909 for
658 3855 765 3927 though
780 3857 830 3912 she
842 3858 866 3912 is
877 3858 993 3913 inferior
1004 3859 1033 3912 in
1045 3858 1094 3912 the
1107 3859 1244 3928 marriage
1255 3858 1353 3923 union,

250 3942 299 4007 yet
320 3934 369 3989 the
392 3938 529 4008 marriage
548 3940 708 3996 introduces
729 3960 746 3995 a
768 3944 997 4015 companionship
1017 3943 1107 3998 which
1131 3944 1260 3998 excludes
1282 3943 1354 3998 filial

250 4038 407 4076 reverenco.
443 4024 548 4078 Paulus
562 4025 611 4079 the
625 4027 715 4082 Jurist
728 4045 790 4100 says
805 4029 867 4084 that
878 4031 999 4085 Natural
1011 4031 1076 4084 Law
1088 4031 1144 4084 and
1159 4030 1288 4101 modesty
1302 4047 1354 4086 are

251 4115 282 4163 to
300 4109 335 4162 be
353 4108 489 4179 regarded
505 4110 534 4163 iu
553 4114 727 4184 contracting
742 4117 887 4187 marriage,
909 4117 966 4170 and
986 4118 1064 4181 adds,
1082 4116 1144 4170 that
1162 4117 1185 4169 it
1202 4116 1225 4170 is
1242 4117 1354 4186 against

251 4196 380 4266 modesty
393 4194 438 4249 for
454 4211 508 4249 one
525 4201 556 4249 to
571 4195 641 4251 have
655 4199 698 4253 his
713 4217 775 4254 own
795 4201 934 4272 daughter
950 4211 979 4256 to
990 4203 1062 4257 wife.
1100 4200 1176 4256 Such
1191 4202 1355 4273 marriagcs,

251 4279 475 4421 thfflsslarlfbmh
489 4281 631 4347 unlawsul,
649 4285 706 4338 and
720 4287 779 4341 also
799 4288 872 4354 void,
889 4288 1009 4344 because
1031 4288 1080 4343 the
1102 4288 1162 4342 ricc
1183 4286 1233 4342 has
1252 4304 1270 4342 a
1288 4305 1355 4360 per-

250 4373 319 4442 petu
361 4383 377 4422 e
399 4373 453 4423 aot.
