2866 4906
248 213 313 278 338
497 221 550 276 DE
572 219 849 286 scomsmouu
873 218 1105 275 oaluntusslt
1219 216 1297 286 [Lm.
1309 219 1350 275 11.

245 385 308 452 dat.
361 383 540 451 Formnlem
565 384 637 451 talis
661 382 860 470 subjectionis
882 382 915 448 in
940 382 1082 470 exemplo
1111 384 1231 470 Capua
1253 403 1353 469 snpra

246 483 439 568 adduximus.
492 482 606 548 Similis
631 491 679 549 est
699 483 754 548 illa
776 482 881 570 populi
900 481 1066 548 Collatiuiz
1094 484 1271 549 Deditienc
1296 504 1353 548 cce

242 584 401 670 populum
425 583 633 659 Collatinum,
655 584 776 658 urbem,
800 601 908 667 apros,
924 604 1056 668 aquom,
1080 583 1243 657 terminos,
1262 583 1352 647 delu-

248 684 319 760 bra,
338 683 503 757 utensilia,
520 683 637 746 diviua
651 683 857 766 humanaque
873 683 985 746 omnic
1001 682 1038 745 in
1053 703 1159 746 mecm
1168 682 1353 766 populiense

246 783 391 846 Romani
406 780 588 846 ditionem?
615 782 784 846 Dedimus.
817 781 868 844 Et
884 801 940 864 epo
956 782 1087 863 recipio.
1121 780 1193 856 Quo
1208 778 1352 845 alludens

245 878 376 946 Plautus
389 880 623 965 Amphitruone
637 878 682 945 ait
707 879 790 961 (Act
806 898 827 943 1.
849 879 937 944 Scen.
950 876 971 942 i.
990 898 1071 943 vers.
1089 880 1167 954 102,
1186 879 1290 963 103):

329 994 520 1071 ‘Deduntquc
534 1015 573 1064 se,
586 999 682 1054 dirius
694 998 874 1069 humaneque
888 997 992 1061 omnia,
1006 996 1116 1063 urbem,
1130 1002 1161 1052 et
1174 996 1282 1051 liberos

330 1084 366 1140 In
379 1085 515 1141 ditionem
529 1091 615 1156 atque
629 1084 659 1138 in
673 1084 843 1139 arbitratum
857 1084 952 1139 cuncti
967 1083 1104 1138 Thebano
1119 1083 1238 1154 populo.

246 1183 352 1247 Persoe
366 1183 425 1249 hoc
442 1182 595 1249 vocabunt
616 1201 729 1268 aquam
746 1190 779 1248 et
798 1189 916 1246 terram
933 1180 1057 1246 dedere.
1110 1179 1176 1246 Sed
1188 1181 1259 1244 haec
1279 1200 1352 1267 per-

246 1279 329 1346 fectu
344 1280 492 1369 subjectio
515 1289 583 1348 cst:
608 1288 681 1346 sunt
697 1287 731 1345 et
750 1279 821 1345 aliae
837 1278 938 1344 miuus
954 1278 1111 1366 perlectus,
1137 1287 1194 1345 eut
1213 1279 1353 1345 habendi

246 1379 349 1457 modo,
364 1388 420 1446 sut
436 1380 539 1467 quoad
554 1377 729 1467 imperandi
744 1376 977 1465 plenitudinem,
1000 1398 1133 1464 querum
1147 1378 1269 1466 gradus
1285 1376 1353 1466 peti

80 1493 128 1536 tu
139 1495 180 1537 tc
245 1488 375 1565 possunt
389 1501 430 1543 ex
446 1479 504 1560 his,
525 1499 597 1564 quae
613 1498 709 1564 supra
723 1498 744 1542 a
759 1476 848 1542 nobis
865 1476 1033 1543 dissertata
1048 1483 1131 1542 sunt.

320 1577 461 1643 XXXII.
513 1576 566 1641 Ex
588 1576 702 1642 delicto
723 1572 873 1661 subjectio
890 1574 985 1640 etiam
1006 1596 1069 1640 uon
1084 1573 1256 1641 accedente
1276 1595 1353 1641 oon·

246 1695 338 1740 sensu
354 1674 501 1752 nascitur,
518 1667 659 1759 bquoties
673 1672 727 1759 qui
743 1672 858 1740 meruit
878 1672 1055 1740 libertatem
1079 1673 1236 1750 emittere,
1254 1673 1298 1739 ab
1314 1695 1352 1740 eo

248 1772 298 1837 cui
314 1793 415 1860 poento
436 1771 599 1861 exigendos
611 1771 665 1858 jus
685 1779 741 1847 est,
765 1771 799 1836 in
814 1777 1001 1858 potestatem
1020 1771 1052 1838 ri
1071 1772 1238 1859 redigitur.
1293 1772 1352 1838 cai

246 1878 352 1936 sutem
365 1869 417 1958 jus
432 1869 474 1936 sit
489 1892 588 1957 poenae
603 1868 776 1958 exigendus,
789 1869 962 1937 ridebimus
978 1870 1070 1939 inira.
1098 1872 1233 1936 Possunt
1244 1878 1353 1937 autem

245 1967 328 2034 hunc
342 1969 375 2033 in
391 1968 517 2034 modum
533 1968 642 2055 subjici
654 1990 716 2033 non
729 1967 842 2056 singuli
857 1976 979 2034 tuntum
993 1968 1119 2056 private
1135 1968 1350 2054 subjectione:

244 2070 302 2133 cut
330 2068 441 2133 Romae
470 2066 523 2153 qui
551 2066 593 2132 cd
622 2066 769 2132 dilectum
796 2088 859 2131 non
883 2067 1122 2153 respondebant,
1154 2075 1188 2133 et
1213 2066 1352 2134 incensi:

81 2176 174 2263 itt*
181 2176 231 2217 cce·
245 2173 354 2253 postea
370 2173 403 2231 et
414 2166 548 2246 lemine,
564 2186 635 2251 quse
650 2186 684 2231 se
696 2185 787 2232 servo
798 2163 900 2230 aheno
908 2165 1103 2251 junxissout=
1120 2164 1177 2230 sed
1192 2172 1227 2230 et
1242 2165 1353 2253 populi

289 2339 504 2401 ⁸Dedutqucre,
523 2339 606 2386 diuina
626 2339 775 2400 huwmruque
814 2333 1352 2391 'mmeramme-emutare»

245 2414 335 2476 omia]
352 2415 381 2460 ld
400 2415 482 2461 Perse
498 2415 617 2462 recubent
640 2420 729 2461 terrum
751 2419 774 2462 ct
897 2403 939 2456 ‘si‘

246 2505 334 2552 “qm
345 2489 436 2538 deam.
821 2468 874 2514 'rote
893 2468 911 2510 t·
928 2465 1009 2522 ἄγαγον
1027 2466 1099 2520 (mur,
1123 2465 1202 2521 σφίσιν
1227 2466 1353 2522 &rig-ctu

290 2572 410 2632 totoue
419 2572 555 2632 premeres
565 2571 694 2617 reserarem
702 2570 773 2616 eno-
821 2536 986 2649 ΡΜᾝ·
1003 2603 1096 2641 „m
1111 2599 1224 2641 widh„
1239 2600 1351 2641 m

246 2645 304 2706 lere]
328 2646 363 2693 Ut
389 2647 448 2693 socii
472 2646 509 2691 illi
530 2646 622 2706 Ulyssie
641 2645 774 2705 AEgyptios
890 2665 951 2700 mu„

245 2720 354 2781 predati,
365 2720 395 2765 de
406 2720 493 2779 quibus
502 2719 621 2765 Homerus
631 2718 741 2778 Odyrrcoe
749 2719 773 2779 ξ.
821 2723 904 2763 Partem
911 2724 973 2762 ettam
980 2722 1067 2762 rtroeed
1075 2732 1127 2771 opus
1137 2723 1218 2763 trum
1225 2725 1328 2764 cosmum

250 2795 326 2854 (vers.
336 2796 388 2850 271,
398 2794 472 2852 27213
821 2793 860 2838 stc
872 2793 1010 2852 Apollinem
1020 2790 1121 2852 Jupiter
1130 2805 1185 2837 cum
1195 2792 1220 2837 in
1231 2797 1352 2839 tartarum

244 3043 305 3098 into
323 3039 480 3110 subjection
497 3045 528 3094 to
546 3056 601 3095 one
616 3058 691 3106 man,
709 3059 742 3097 or
760 3048 789 3098 to
810 3060 903 3115 many,
921 3061 955 3100 or
972 3051 1003 3101 to
1021 3043 1140 3102 another
1153 3045 1264 3118 pcople.
1297 3045 1353 3101 We

244 3128 316 3183 have
326 3126 417 3180 above
428 3126 511 3196 giren
519 3125 568 3181 the
576 3127 697 3181 formula
706 3128 739 3182 of
747 3127 816 3183 such
828 3145 845 3183 a
856 3131 1021 3199 subJection,
1029 3132 1059 3184 in
1070 3131 1120 3186 tho
1127 3148 1191 3186 csse
1200 3131 1234 3186 oi
1244 3132 1351 3203 Capua.

245 3214 291 3280 (Β.
305 3228 325 3268 1.
343 3228 367 3268 c.
381 3212 419 3266 iii.
434 3205 535 3282 tritt.)
570 3212 608 3266 So
623 3212 672 3268 tho
686 3213 809 3268 formula
822 3215 892 3268 used
909 3216 939 3269 in
956 3216 1006 3271 the
1022 3232 1085 3271 csse
1102 3216 1136 3271 oi
1147 3216 1196 3272 the
1209 3216 1352 3272 Collatino

244 3300 361 3371 peoplo:
386 3298 440 3352 Sco
455 3298 539 3364 Livy:
562 3302 593 3354 ιο
604 3298 695 3353 which
709 3299 827 3354 Plautus
841 3300 957 3355 alludee.
995 3300 1056 3357 The
1071 3302 1202 3357 Persium
1220 3302 1276 3356 cell
1294 3301 1353 3356 this

243 3384 407 3457 presenting
417 3383 497 3438 earth
504 3384 560 3438 aud
568 3389 663 3439 water.
691 3383 783 3440 There
791 3401 839 3440 cre
849 3386 929 3441 other
938 3386 1035 3441 modes
1047 3386 1080 3441 oi
1088 3387 1183 3457 public
1191 3386 1352 3455 subjection

243 3470 298 3526 loss
312 3469 430 3541 perfect,
444 3468 535 3524 either
549 3486 580 3524 as
591 3475 622 3524 ιο
635 3469 684 3526 the
696 3470 779 3525 mode
790 3470 824 3525 οἰ
835 3472 992 3541 possessing
1004 3471 1073 3526 such
1087 3472 1218 3542 subjecte,
1230 3477 1352 3526 erasto

244 3554 293 3609 the
312 3553 459 3625 plenitude
473 3553 507 3608 of
525 3555 683 3626 authority3
701 3555 751 3610 the
767 3555 884 3626 degrees
898 3557 931 3612 of
944 3556 1036 3611 which
1050 3573 1115 3628 may
1135 3557 1170 3612 bs
1191 3555 1296 3627 sought
1317 3557 1349 3611 in

244 3638 319 3693 what
332 3637 374 3692 we
388 3637 460 3692 hare
474 3639 534 3693 said
546 3640 635 3696 abore
650 3640 696 3707 (B.
708 3655 728 3696 1.
743 3657 767 3696 c.
779 3640 844 3708 iii).

297 3722 425 3777 XXXII.
456 3722 618 3793 Subjcction
630 3726 703 3780 from
715 3726 801 3781 delict
815 3743 848 3781 or
859 3726 1054 3799 delinquency,
1065 3743 1131 3799 may
1146 3726 1219 3783 erice
1230 3726 1353 3783 without

242 3807 396 3878 preceding
417 3815 541 3874 consent,
556 3811 637 3865 when
657 3812 695 3867 he
714 3811 777 3867 who
792 3811 844 3867 hus
866 3812 1001 3867 doserred
1016 3819 1046 3868 ιο
1062 3812 1121 3867 lose
1137 3812 1180 3867 his
1198 3812 1303 3884 liberty
1326 3813 1352 3868 is

242 3892 366 3947 reduced
380 3893 418 3963 by
432 3892 509 3948 force
530 3894 590 3950 into
608 3896 657 3951 tho
673 3912 767 3968 power
788 3898 822 3951 of
839 3898 900 3951 him
917 3898 979 3953 who
994 3897 1046 3953 hus
1067 3914 1085 3951 a
1102 3897 1178 3968 right
1196 3904 1227 3954 to
1245 3897 1353 3968 punish

241 3975 309 4032 him.
347 3977 420 4030 Who
440 3976 491 4031 hus
513 3979 562 4034 the
582 3981 657 4051 right
675 3989 706 4037 to
727 3983 839 4054 punish,
855 3999 897 4037 we
919 3983 992 4037 shall
1009 3983 1152 4038 hercafter
1165 3999 1221 4039 sec.
1254 3981 1303 4050 (B.
1317 3997 1351 4038 11.

241 4079 265 4117 c.
278 4079 322 4117 xm
337 4063 354 4132 5
367 4060 421 4127 iii.)
454 4060 566 4118 Audin
583 4065 638 4121 thie
657 4082 725 4138 way,
740 4074 791 4123 not
811 4069 877 4140 only
894 4085 960 4140 may
980 4068 1149 4124 individuale
1168 4069 1205 4125 be
1224 4068 1353 4123 reduced

241 4147 302 4203 into
324 4148 433 4219 privato
450 4147 623 4217 subjection;
645 4149 688 4216 (as
706 4158 736 4207 st
756 4154 848 4209 Romo
866 4153 947 4210 those
969 4154 1030 4209 who
1050 4154 1098 4208 did
1118 4161 1168 4208 not
1191 4170 1299 4225 appear
1319 4160 1352 4208 to

240 4250 348 4289 answer
361 4239 393 4289 to
410 4250 428 4288 a
445 4231 548 4306 charge
563 4235 596 4288 of
612 4235 705 4301 delict,
720 4238 776 4291 end
791 4238 871 4294 those
886 4238 948 4294 who
960 4239 1016 4293 had
1032 4240 1114 4294 made
1128 4257 1147 4294 a
1160 4239 1230 4294 salse
1250 4245 1353 4294 return

240 4319 274 4373 oi
284 4318 360 4374 their
370 4325 523 4393 property;
545 4320 602 4374 and
616 4321 788 4390 afterwards,
802 4340 911 4380 women
925 4325 987 4380 who
1001 4324 1057 4379 hud
1072 4324 1194 4380 married
1208 4323 1258 4379 tho
1273 4325 1353 4380 slave
