2866 4906
124 250 192 309 (lar.
205 247 274 319 111.]
385 250 512 306 SUMMI
532 251 686 307 IMPERII
705 250 948 308 ΕΧΡΒῙΟΑΤΙΟ.
1159 243 1223 308 123

120 439 160 485 ea
181 416 303 483 solvere
326 412 447 481 difficile
471 434 534 480 nen
558 423 616 481 est.
667 417 750 482 Nam
772 417 917 504 primum,
939 415 1023 502 quod
1039 425 1223 483 asseverant

121 539 194 584 eum
209 538 232 583 a
247 536 309 601 quo
325 513 438 600 aliquis
458 514 656 580 constituitur
672 537 740 580 esse
756 516 948 602 superiorem
964 514 1142 596 constituto,
1168 537 1222 581 se-

121 638 192 683 rum
209 616 375 682 dumtaxat
396 621 445 679 est
466 611 500 678 in
516 634 555 678 ea
570 613 798 691 constitutione,
821 614 908 701 eujus
924 614 1051 680 effeetus
1067 621 1222 702 perpetuo

121 716 240 803 pendet
258 735 280 780 a
306 712 467 778 voluntate
492 711 725 790 constituentis3
751 735 814 779 non
834 713 929 779 etiam
952 712 985 778 in
1011 733 1059 790 ea,
1085 734 1156 799 quae
1179 715 1221 780 ab

122 814 209 882 initio
226 820 275 880 est
291 809 470 887 voluntatis,
496 819 606 897 postea
626 833 703 876 sero
724 812 868 878 effectum
890 812 988 878 habet
1009 812 1221 878 necessitatisr

122 911 276 1000 quomodo
294 909 406 977 mulier
428 908 529 976 virum
545 909 604 975 sibi
621 909 788 987 constituit,
814 911 864 976 oui
890 932 1003 997 parere
1023 932 1146 996 semper
1167 932 1221 976 ne-

123 1011 329 1079 eessehabet.
383 1001 643 1075 bValentinianus
657 1010 835 1095 Imperator
850 1008 1009 1086 militibus,
1035 1010 1089 1096 qui
1105 1031 1140 1075 se
1157 1011 1222 1075 Im-

125 1118 303 1197 peratorem
323 1108 474 1184 leeeraut,
499 1107 726 1194 postulantibus
753 1107 871 1194 quod
862 1107 922 1194 rpsi
941 1130 1004 1174 non
1027 1109 1221 1194 probabatur

124 1208 302 1296 respondit:
334 1210 379 1274 Ut
394 1229 445 1272 me
460 1208 507 1272 ed
523 1209 752 1292 imperandum
767 1209 857 1273 sobre
872 1208 1074 1292 eligeretisf
1059 1231 1097 1273 sn
1112 1221 1222 1274 vestra
1232 1229 1378 1316 margon

123 1311 224 1374 atam
248 1319 321 1375 eret
336 1317 507 1391 poteetate,
531 1307 713 1372 omiliteo:
738 1318 775 1371 et
796 1318 974 1392 poetpaem
1000 1329 1050 1371 me
1068 1308 1220 1392 elegistis,

125 1409 213 1493 quod
231 1407 355 1490 petitis,
379 1407 417 1470 ie
436 1426 505 1471 meo
532 1417 578 1469 eat
600 1407 753 1481 arbitrio,
778 1427 843 1469 eon
861 1417 975 1471 veum
1030 1404 1126 1471 Voee
1150 1418 1222 1470 tan-

126 1527 228 1590 pisam
251 1505 390 1571 redditio
411 1505 562 1589 competit
581 1525 713 1588 parere,
738 1505 832 1579 miti,
850 1526 923 1590 pesce
941 1504 1108 1588 facienda
1134 1516 1219 1581 aaut,

124 1606 278 1688 cogitare.
330 1601 395 1669 sed
410 1622 468 1668 nee
484 1621 595 1667 verum
607 1610 656 1668 est
672 1602 756 1687 quod
771 1602 949 1679 assumitur,
970 1623 1077 1668 omnes
1093 1624 1185 1691 reges
1200 1623 1222 1668 a

123 1701 239 1788 populo
263 1699 426 1768 eonstitui:
459 1700 543 1787 quod
567 1700 716 1788 exemplis
745 1700 975 1788 patrisfamilias
1001 1701 1138 1768 advenas
1163 1702 1221 1767 sub

125 1799 289 1867 obediendi
305 1800 378 1888 lege
390 1800 589 1886 aeeeptantis,
612 1809 647 1866 et
662 1800 804 1888 gentium
819 1801 901 1866 bello
917 1799 1123 1879 devictarum,
1145 1821 1217 1888 quse

125 1920 222 1985 supra
234 1898 405 1975 attulimus,
428 1897 505 1965 satis
520 1897 652 1986 intelligi
667 1907 780 1986 potest.

202 1999 246 2064 14
278 1997 423 2064 Alterum
436 2007 655 2085 argumentum
665 2007 792 2065 sumunt
804 2020 845 2064 ex
857 1997 939 2064 dieto
952 1999 1221 2088 Philosophorum,

124 2096 265 2186 regimen
288 2117 381 2162 omne
405 2116 513 2162 eorum
537 2096 591 2182 qui
615 2106 778 2184 reguntur,
802 2119 865 2163 uon
885 2097 940 2183 qui
962 2107 1088 2186 regunt,
1113 2118 1223 2162 caussa

125 2217 191 2263 eae
207 2203 441 2282 eomparatum:
468 2195 553 2261 unde
574 2194 662 2282 sequi
684 2196 874 2273 existimant,
900 2218 940 2262 ex
956 2195 1026 2261 finis
1048 2195 1220 2271 nobilitate,

126 2293 247 2381 eosqui
260 2302 424 2383 reguntur,
441 2292 616 2380 superiores
632 2315 699 2360 esse
715 2317 762 2371 eo,
780 2295 834 2381 qui
850 2294 940 2383 regit
995 2294 1059 2360 Sed
1075 2316 1132 2360 nee
1147 2293 1225 2359 illud

125 2392 344 2461 universaliter
359 2413 469 2458 verum
485 2400 543 2470 est,
569 2414 659 2459 omne
674 2393 817 2482 regimen
833 2392 900 2479 ejus
917 2391 971 2478 qui
988 2391 1114 2481 regitur
1130 2413 1224 2457 eausa

126 2513 193 2559 esee
210 2498 443 2578 comparatum
461 2512 535 2558 nam
552 2492 693 2577 quadam
710 2491 864 2579 regimina
875 2512 932 2577 per
947 2512 981 2557 se
997 2498 1071 2556 sunt
1086 2489 1226 2579 regentis

127 2611 230 2669 musa,
253 2599 290 2658 ut
306 2589 514 2666 dominicum
541 2611 614 2656 uam
630 2591 714 2658 servi
728 2589 848 2657 utilitas
864 2588 908 2656 ihi
931 2590 1107 2658 extrinseca
1127 2597 1176 2656 est
1192 2596 1226 2655 et

171 2747 341 2809 ⁸llxernplum
356 2747 420 2794 mala
439 2750 565 2807 aptatum:
583 2751 653 2807 patet
702 2749 738 2794 ria
752 2748 842 2808 lapsus,
858 2747 897 2794 rel
911 2748 1036 2805 tertianus,
1048 2748 1113 2808 apud
1128 2746 1226 2794 Plutar-

128 2824 191 2872 anim
207 2839 237 2872 ax
251 2824 331 2871 verba
346 2821 478 2879 Plutarchi,
497 2835 513 2867 a
530 2821 653 2868 Grenovte
702 2823 773 2870 ohum
783 2823 885 2882 legerat,
895 2823 926 2869 δι’
936 2823 1017 2870 ἔτους.
1037 2823 1064 2871 J.
1074 2824 1107 2870 B.

129 2900 261 2961 exemptis,
271 2900 435 2946 mamonae
444 2896 498 2943 illos
513 2910 561 2942 nou
576 2896 653 2942 habu·
750 2897 762 2932 b
777 2898 964 2959 Valentinianus]
988 2900 1070 2947 Verba
1079 2900 1130 2958 sJus
1138 2898 1173 2945 sie
1187 2912 1227 2944 re·

128 2975 173 3021 iasa
183 2975 309 3034 Imperium
316 2973 466 3020 solummodo
476 2972 653 3030 temporarium,
702 2973 751 3020 lert
761 2974 927 3022 Theodoretus
938 2987 973 3021 ιν.
984 2989 1006 3022 e.
1014 2976 1052 3021 vir
1071 2974 1189 3034 ὑμέτερον
1197 2971 1227 3027 ἦν

130 3047 380 3108 &perpetuanda
388 3047 454 3104 βίον.
475 3043 653 3104 Hunequoque
703 3045 723 3093 oi
749 3050 917 3107 πρατιῶτιιι,
942 3049 1068 3106 βασιλέως
1092 3048 1126 3109 pri
1145 3048 1226 3104 inor,

131 3135 233 3170 artem
242 3120 453 3176 aBodlnehausit,
463 3118 506 3178 qul
512 3118 551 3165 val
563 3132 653 3165 memo·
703 3120 758 3181 ἐμοὶ
777 3123 861 3171 δοῦναι
877 3124 924 3178 aris
939 3125 1073 3184 βασιλιίαι
1087 3121 1135 3170 ταὶς
1147 3121 1227 3178 siriae·

182 3368 227 3437 (1)
248 3369 332 3434 Firat,
349 3370 400 3427 the
418 3375 554 3429 msertion
568 3374 631 3429 that
648 3374 686 3431 he
704 3376 766 3430 who
786 3376 950 3431 constitutas
967 3390 1024 3444 any
1044 3370 1187 3442 authority
1204 3371 1228 3426 is

130 3456 255 3527 superior
267 3462 299 3512 to
310 3456 360 3512 the
370 3473 472 3529 person
486 3476 517 3516 so
532 3462 711 3524 constituted,
726 3463 751 3516 is
765 3463 832 3533 only
842 3468 906 3516 true
922 3461 953 3514 iu
968 3458 1032 3514 that
1046 3456 1229 3512 eonstitutiou

130 3541 218 3597 whieh
232 3542 358 3615 depende
371 3546 547 3617 perpetually
559 3563 596 3602 ou
608 3546 658 3602 the
668 3547 724 3601 will
738 3548 772 3602 oi
783 3547 832 3602 the
846 3547 1017 3602 constituent
1028 3544 1117 3616 body:
1136 3550 1188 3599 not
1199 3545 1230 3598 ln

130 3625 190 3682 that
201 3627 301 3694 srhieh,
314 3628 423 3702 though
434 3631 583 3704 voluntary
593 3640 624 3687 at
638 3633 707 3698 first,
718 3633 881 3688 afterwards
895 3633 1025 3688 beeomes
1036 3631 1227 3701 compulsory:

130 3711 194 3769 thus
203 3730 223 3769 a
236 3731 347 3770 woman
360 3718 526 3773 constitutos
537 3736 555 3773 a
566 3735 668 3790 person
681 3719 734 3774 her
747 3719 884 3784 husband,
899 3719 990 3773 whom
1003 3717 1165 3771 afterwards
1179 3715 1231 3771 she

129 3799 276 3872 isobIIged
287 3801 334 3855 sor
347 3818 413 3857 ever
424 3809 455 3858 to
466 3803 547 3876 obey.
581 3804 647 3858 And
657 3806 687 3859 iu
698 3806 755 3861 thie
766 3807 889 3861 strainis
903 3804 952 3861 the
965 3801 1068 3876 speech
1083 3803 1116 3857 of
1127 3802 1231 3858 Valen-

129 3885 219 3941 tinian
232 3892 264 3942 to
275 3885 320 3942 his
334 3887 459 3944 soldiers.
495 3885 562 3961 [See
576 3890 626 3945 the
637 3890 777 3963 passage]

181 3972 245 4028 Nor
257 3973 282 4028 is
296 3974 320 4028 it
333 3979 407 4040 true,
420 3991 451 4029 as
466 3975 490 4030 is
504 3976 643 4042 assumed,
659 3977 722 4032 that
736 3977 775 4032 all
785 3977 866 4049 hings
878 3994 927 4031 are
942 3975 1113 4032 eonstituted
1130 3975 1169 4046 by
1182 3975 1232 4030 the

127 4057 247 4130 people3
263 4058 356 4114 ahloh
366 4076 409 4116 we
421 4060 494 4117 hare
508 4063 622 4134 already
633 4063 727 4118 shewu
738 4063 836 4134 hythe
850 4064 978 4135 example
989 4063 1023 4118 of
1036 4079 1055 4118 a
1072 4062 1234 4117 laudowner

129 4146 276 4217 aeeepting
289 4151 405 4202 tenauts
418 4163 456 4202 on
470 4150 616 4204 condition
630 4149 663 4204 of
673 4149 748 4205 their
765 4149 886 4224 obeying
903 4149 979 4218 h1m3
971 4149 1053 4204 ·aud
1073 4147 1107 4204 oi
1122 4148 1234 4203 natione

129 4231 308 4302 eonqnered
299 4249 332 4286 m
341 4249 407 4288 war

183 4322 218 4371 14
247 4317 292 4390 (2)
315 4318 378 4374 ‘l’he
390 4319 472 4376 other
484 4322 652 4393 argument
644 4339 667 4376 rs
678 4321 764 4377 tehen
777 4321 852 4378 irem
864 4321 913 4378 the
928 4321 1031 4376 maxim
1043 4318 1076 4375 of
1084 4317 1133 4373 the
1141 4317 1236 4389 philo·

128 4401 253 4476 sophera,
267 4404 333 4462 that
347 4405 386 4461 all
400 4413 585 4479 geremment
599 4407 682 4464 existe
696 4407 742 4464 ier
757 4407 808 4464 the
822 4408 889 4466 saise
903 4409 937 4466 oi
952 4407 1001 4463 the
1015 4403 1165 4478 govemed,
1183 4409 1235 4462 not
