2866 4906
221 180 286 251 218
461 186 523 246 ,DE
544 186 660 242 BELLI
681 184 824 252 cAUSIS,
844 186 895 241 ET
916 186 1074 242 PRIMUM
1193 182 1268 253 [Lm.
1279 185 1319 240 11.

222 353 347 430 larnm3
373 359 406 419 et
432 350 591 418 ¹Plstonis
616 350 726 418 scitum
752 372 834 416 nono
862 350 902 416 de
924 348 1053 438 legibus
1105 350 1187 415 Nam
1214 371 1321 416 omnes

223 453 292 519 istae
326 452 412 540 leges
445 450 478 516 in
511 451 570 517 hoo
603 449 800 526 conveniunt,
832 450 917 536 quod
950 450 1052 515 furem
1083 458 1269 515 nocturnum
1301 472 1322 516 a

59 575 203 661 mm:
224 553 336 619 diurno
356 550 574 639 distinguunt:
602 551 642 616 de
658 549 781 616 ratione
804 549 883 638 logis
904 549 1084 637 ambigitur.
1136 548 1270 626 Quidam
1288 549 1322 614 id

60 668 119 753 ¹3,
127 668 206 752 Μ
224 674 320 719 unum
344 659 457 735 putant
480 658 664 737 spectatum,
684 648 768 735 quod
792 657 885 715 noctu
905 647 1038 714 discerni
1059 657 1194 735 nequeat
1216 648 1243 712 is
1267 649 1322 735 qui

59 760 177 844 dem
185 805 206 844 ὦ
225 751 319 828 venit,
336 750 388 816 fur
404 749 454 827 sit,
469 771 510 815 an
525 749 662 826 sicarius,
674 758 707 815 et
718 748 787 815 ideo
801 757 949 835 tanquam
963 746 1106 813 sicarium
1119 769 1208 835 posso
1225 747 1323 813 inter·

56 814 176 936 &aas
225 850 283 916 fici.
330 848 394 915 Alii
418 848 584 914 discrimen
608 848 641 915 in
665 848 725 914 hoc
749 847 882 936 positum
899 846 1085 923 existiment,
1112 847 1195 933 quod
1217 855 1321 923 noctu,

59 941 211 1027 ffidlffl
225 949 299 1036 quia
326 949 378 1016 fur
404 948 529 1037 ignotus
557 946 607 1025 sit,
633 969 685 1014 res
711 947 813 1013 minus
832 946 997 1012 videantur
1019 968 1109 1032 posse
1132 946 1321 1033 recuperari.

58 1034 214 1166 fficio&
227 1049 306 1114 Mihi
332 1047 437 1137 legum
466 1047 640 1114 conditores
668 1068 726 1113 neo
754 1046 813 1112 hoo
840 1067 897 1111 nec
923 1045 1000 1111 illud
1024 1044 1152 1133 proprie
1174 1045 1322 1112 sidentur

56 1126 183 1257 31me
226 1157 399 1235 spectasso;
422 1146 479 1214 sed
499 1146 559 1212 hoc
576 1145 707 1213 voluisse
723 1146 834 1233 potius,
858 1143 975 1211 directe
994 1165 1099 1210 rerum
1117 1167 1209 1210 causa
1224 1145 1324 1211 inter-

59 1219 199 1350 ffiffio
225 1247 275 1313 fici
300 1246 453 1314 neminem
484 1246 621 1313 debere:
647 1245 731 1332 qnod
758 1246 858 1323 fieret,
887 1244 1020 1331 exempli
1053 1266 1155 1322 causa,
1186 1244 1212 1308 si
1240 1245 1322 1333 iugi·

59 1356 122 1396 ⁰·st
224 1355 327 1412 entem
355 1346 505 1412 inermem
531 1345 616 1412 ²telo
643 1353 882 1432 prosternerem,
916 1352 952 1411 ut
984 1343 1037 1409 illo
1061 1343 1227 1411 interemto
1254 1365 1323 1410 rem

222 1468 324 1512 meam
340 1444 530 1533 reciperem:
555 1445 612 1510 sed
631 1444 658 1510 si
677 1445 795 1532 ipsein
810 1443 979 1531 perionlum
996 1442 1071 1510 vite
1086 1444 1234 1523 adducar,
1248 1453 1324 1510 tuno

224 1545 300 1610 mihi
317 1545 412 1611 licere
427 1567 448 1610 a
464 1566 515 1610 me
530 1551 677 1611 avertere
698 1543 869 1631 perieulum
890 1543 985 1609 etiam
1006 1565 1076 1608 cum
1098 1542 1234 1630 periculo
1249 1542 1323 1608 vitre

224 1644 348 1710 alienat
369 1665 426 1709 nec
441 1644 567 1710 obstare
582 1643 658 1708 mihi
674 1642 758 1730 quod
775 1665 824 1708 me
841 1643 874 1707 in
889 1643 923 1709 id
946 1642 1111 1708 discrimen
1125 1642 1321 1720 adduxerim,

225 1743 299 1808 dum
315 1765 382 1809 rem
398 1764 497 1808 meam
515 1742 604 1830 capio
621 1743 767 1819 retinere,
785 1751 840 1808 aut
857 1752 1036 1829 occupatam
1052 1750 1249 1829 extorquere,
1267 1749 1323 1807 aut

224 1843 324 1909 iurem
342 1863 463 1930 capere,
479 1863 551 1907 nam
567 1842 599 1907 in
614 1841 663 1909 his
685 1841 825 1907 omnibus
847 1842 925 1907 nihil
945 1841 1022 1907 mihi
1047 1863 1139 1929 posse
1162 1840 1320 1928 imputari,

224 1941 278 2028 qui
302 1962 410 2008 versor
430 1942 463 2007 in
486 1951 560 2008 actu
580 1941 674 2019 licito,
698 1963 756 2008 nec
777 1939 920 2027 cuiquam
943 1940 1088 2027 injuriam
1105 1940 1227 2016 faciam,
1251 1962 1321 2005 cnm

224 2050 297 2108 utar
312 2064 382 2107 meo
394 2040 477 2129 jure.

299 2142 320 2207 2
354 2140 529 2206 Discrimen
545 2161 622 2228 ergo
639 2138 782 2206 nocturni
797 2148 830 2206 et
843 2140 946 2206 diurni
962 2139 1040 2206 furis
1056 2139 1091 2204 in
1105 2140 1165 2205 hoc
1185 2139 1320 2226 positum

166 2235 170 2242 ’
223 2248 281 2319 est,
308 2240 391 2328 qood
413 2248 508 2306 noctu
533 2240 587 2306 vix
610 2238 651 2306 sit
673 2238 763 2327 copis
784 2239 910 2306 testium
930 2239 1199 2306 adhibendorum:
1226 2248 1333 2324 atque.

221 2416 311 2474 potest.
338 2412 404 2472 [Lib.
416 2425 433 2459 1.
446 2411 497 2460 Tit.
506 2411 571 2460 xxiv.
583 2424 637 2471 esp.
647 2409 682 2470 L]
799 2409 989 2471 quantamque
998 2399 1131 2458 Fnrstiam
1145 2411 1230 2470 rogere
1244 2409 1322 2456 mani·

268 2489 274 2518 ¹
292 2489 400 2548 Νύκτωρ
410 2486 619 2548 pdpnslcolxiav
634 2485 748 2532 statem
795 2485 861 2532 resto
880 2485 1033 2546 supponitur,
1052 2486 1094 2531 sed
1118 2486 1153 2532 tta
1172 2489 1200 2532 ut
1222 2499 1249 2531 se
1272 2485 1321 2531 telo

222 2564 265 2610 tat
280 2563 365 2623 κλοπῇ
379 2561 516 2622 χρημάτων
531 2561 573 2607 ἐάν
588 2560 747 2621 ὲλώνκτείνῃ
798 2560 944 2608 defenderet.
975 2561 1022 2607 vel
1042 2561 1076 2606 sio
1095 2565 1176 2606 nmen
1195 2574 1244 2605 non
1264 2560 1322 2606 satis

221 2655 269 2694 m,
284 2636 390 2694 καθαρὸς
402 2635 477 2682 ἔστω.
508 2634 660 2694 regeres.
676 2633 746 2682 Tom.
797 2635 867 2681 firma
882 2640 907 2681 et
925 2636 1047 2682 cohaerens
1067 2640 1104 2682 est
1120 2636 1234 2682 Auctoris
1245 2635 1321 2680 nostri

221 2725 251 2758 ιι.
269 2710 457 2769 Εᾱ.ΙΙ.81φ11.
487 2709 558 2757 J.B.
797 2711 955 2758 ratiocinatio.
987 2711 1049 2758 Vide
1069 2711 1146 2757 Notas
1171 2710 1276 2756 Gallicas
1295 2710 1320 2754 in

266 2786 276 2814 ²
291 2786 381 2833 Addidi
391 2799 473 2830 vocem
486 2784 549 2830 hano
558 2784 673 2840 inermem,
684 2797 745 2843 qum,
797 2785 822 2833 h.
832 2786 851 2832 1.
866 2786 937 2831 Addo
952 2787 1133 2833 Pursunonsu
1149 2785 1225 2831 nostri
1240 2785 1321 2845 Caput

221 2861 395 2921 qnamqunmln
404 2858 669 2904 omnibusEditionibus
677 2859 745 2915 desit,
795 2860 1015 2907 antesindioatum.
1045 2861 1072 2908 J.
1083 2861 1114 2906 B.

221 2937 318 2982 omnino
328 2934 545 2990 nsoemmiaestnt
552 2933 624 2978 series
632 2933 746 2980 orationis
840 2933 984 2995 ”Exceptio
999 2936 1042 2981 ills
1060 2935 1114 2981 ideo
1133 2933 1237 2992 additur,
1255 2933 1320 2993 qnod

220 3013 323 3068 constet,
342 3014 368 3055 et
387 3008 541 3068 spectrum
558 3007 653 3054 differat
672 3022 688 3054 a
706 3022 745 3055 se-
795 3010 901 3056 ioterdin
919 3010 990 3056 facile
1010 3010 1123 3071 cognosci
1138 3014 1181 3056 snt
1197 3009 1251 3069 oapi
1270 3008 1321 3055 Fur

220 3245 276 3301 and
291 3243 396 3301 Plato’s
409 3244 500 3300 Laws.
533 3244 625 3300 These
636 3244 703 3299 lawe
717 3245 756 3299 all
766 3261 851 3316 agree
865 3245 895 3299 in
910 3245 1126 3317 distinguishing
1140 3245 1190 3300 the
1204 3250 1318 3300 noctur·

219 3333 267 3387 nal
279 3332 353 3387 from
364 3331 413 3388 the
428 3331 539 3387 diurnal
550 3330 652 3387 thiefr.
684 3331 769 3387 Semo
783 3331 865 3386 think
881 3331 943 3386 that
956 3330 1012 3388 this
1024 3333 1047 3387 is
1059 3333 1178 3387 because
1190 3331 1229 3402 by
1239 3331 1320 3401 night

220 3436 262 3474 we
276 3425 379 3474 cannot
393 3419 585 3474 tellvwhethcr
595 3417 632 3472 he
643 3419 666 3473 is
677 3434 695 3471 a
709 3417 784 3473 thiof
794 3434 827 3473 or
838 3434 855 3471 a
865 3418 1020 3483 morderet,
1034 3418 1090 3472 and
1105 3417 1247 3472 therefore
1255 3434 1321 3488 may

221 3505 272 3558 hill
286 3504 347 3557 him
360 3520 390 3558 as
405 3520 423 3558 a
437 3505 590 3559 murdsrer.
630 3503 733 3559 Others
747 3504 829 3558 think
844 3505 867 3558 it
881 3504 904 3558 is
919 3505 1039 3559 because
1050 3504 1089 3575 by
1100 3502 1181 3573 night
1192 3519 1234 3557 we
1248 3502 1320 3557 have

220 3589 275 3644 less
293 3589 399 3643 chance
420 3590 454 3644 ο1
471 3590 633 3660 recovering
650 3590 700 3644 the
717 3597 860 3662 property.
899 3589 914 3644 1
928 3589 1009 3642 think
1027 3590 1090 3644 that
1107 3589 1219 3644 neither
1233 3589 1256 3642 is
1271 3588 1321 3643 the

220 3681 284 3730 true
298 3674 425 3746 ground3
442 3673 496 3729 bnt
506 3675 579 3739 thim
597 3675 660 3730 that
671 3692 708 3729 no
721 3691 775 3731 one
790 3675 878 3746 ought
890 3681 920 3731 to
934 3675 971 3730 be
985 3675 1056 3730 alain
1071 3675 1190 3746 directly
1203 3674 1249 3729 sor
1271 3674 1321 3729 the

220 3760 287 3816 salio
301 3759 335 3815 of
346 3776 423 3814 mere
437 3759 539 3831 things,
551 3760 641 3814 which
652 3761 744 3815 would
756 3762 792 3818 be
806 3762 879 3818 done
892 3762 916 3816 11
925 3761 940 3816 1
950 3778 1023 3817 were
1035 3769 1065 3816 to
1075 3762 1126 3814 kill
1135 3779 1171 3816 an
1183 3759 1320 3814 unarmed

220 3847 307 3918 llying
323 3844 398 3900 thies
415 3846 481 3899 with
503 3863 521 3900 a
542 3847 654 3912 missile,
668 3848 725 3901 and
740 3865 771 3902 so
795 3865 910 3902 recover
931 3865 978 3918 my
999 3849 1103 3918 goods:
1126 3847 1178 3902 bnt
1200 3847 1320 3900 iilam

219 3932 324 4002 myself
330 3933 359 3985 in
371 3930 478 4002 danger
488 3932 522 3985 of
531 3932 590 3998 life,
605 3932 672 3988 then
684 3934 698 3988 I
709 3951 774 4005 may
787 3934 866 4006 repel
877 3934 927 3988 the
938 3933 1044 4005 danger
1055 3951 1125 3988 even
1136 3933 1203 3987 with
1214 3932 1320 4002 danger

219 4024 250 4072 to
272 4016 322 4072 the
338 4017 387 4071 life
407 4017 440 4070 of
457 4018 594 4082 another,
612 4036 665 4074 nor
685 4019 752 4074 does
768 4019 824 4075 this
842 4037 923 4075 cesse
941 4027 971 4075 to
986 4020 1063 4083 hold,
1079 4019 1234 4074 howevorl
1248 4018 1321 4072 have

220 4121 300 4158 oomo
321 4105 382 4158 into
400 4103 463 4158 that
480 4103 594 4174 danger,
609 4104 735 4159 whether
748 4106 787 4176 by
801 4107 895 4177 trying
913 4112 942 4162 to
961 4107 1052 4160 retain
1068 4123 1115 4176 my
1130 4109 1272 4176 property,
1287 4120 1321 4158 or

220 4196 250 4244 to
262 4206 377 4245 rocovor
388 4190 420 4254 it,
433 4205 466 4244 or
477 4195 507 4244 to
520 4195 636 4259 capture
648 4190 697 4245 the
712 4190 798 4254 thief;
810 4193 855 4246 for
866 4194 897 4246 in
910 4193 949 4246 all
960 4192 1040 4247 thcso
1054 4192 1212 4247 caseolum
1226 4191 1322 4260 acting

219 4275 344 4349 lawfully
355 4276 505 4348 according
518 4281 550 4330 to
562 4291 609 4345 my
621 4275 705 4346 right.

219 4408 222 4413 -
550 4380 989 4443 westmonasteriense.
