2866 4906
227 202 292 267 266
382 211 435 265 Dll
458 207 734 275 ACQUISITIONE
758 205 989 263 ORIGINARIA
1010 207 1157 271 RERUM,
1200 207 1275 277 [Lm.
1287 206 1328 263 11.

227 374 345 442 sinmet
361 374 408 441 ire
422 367 473 443 διὰ
490 370 698 455 violenciis,
710 395 774 460 per
789 376 846 441 eui
861 375 992 458 imperii
1009 375 1089 439 loca.
1134 374 1177 439 Et
1192 372 1226 437 in
1238 370 1330 439 indu·

64 491 165 539 mlv·
173 491 214 530 ¹12
227 473 282 540 ciis
306 473 469 540 annalibus
492 472 566 538 belli
590 471 841 559 Peloponnesiaci
870 471 1062 559 permittitur
1090 471 1330 560 Megarensibus

227 571 379 661 navigare
391 571 471 638 mari
486 571 572 657 qued
587 571 629 638 ad
645 570 782 658 ipsorum
794 569 1008 656 sociorumque
1025 579 1143 637 terram
1160 569 1327 656 pertineat,

229 674 274 766 τῇ
296 667 453 765 θαλάσσῃ
469 667 534 739 ὅσα
555 663 595 740 ἂν
610 667 697 738 κατὰ
712 665 777 750 τήν
798 665 924 737 ἑαυτῶν
943 668 997 737 καὶ
1020 665 1104 737 κατὰ
1118 666 1181 749 τὴν
1207 666 1330 757 ξυμμα·

228 771 316 864 χίαν.
364 769 415 836 Sic
438 764 615 839 θάλασσαν
635 765 698 849 τὴν
714 763 962 846 τῶνῬωμαίων
985 771 1106 845 πᾶσαν,
1127 788 1216 833 mare
1238 789 1330 834 omne

229 868 313 955 quod
329 867 463 934 Romani
479 877 529 934 est
543 867 674 954 imperii,
693 867 772 933 dixit
787 865 871 931 Dion
888 865 1015 932 Cassius
1029 866 1111 932 libro
1125 888 1205 932 xnu.
1246 866 1330 932 The-

228 967 348 1033 mistius
364 967 405 1032 de
421 966 563 1031 Romano
579 967 795 1052 Imperatore:
825 962 888 1046 τυὶυ
904 968 972 1054 ’γῆν
987 963 1039 1032 καὶ
1056 961 1232 1034 θάλασσαν
1249 960 1331 1045 ὁπή-

228 1094 301 1154 κσου
316 1059 421 1159 ipos:
439 1066 560 1131 toton
575 1066 641 1131 cibi
657 1065 825 1131 subditam
842 1076 965 1129 terram
980 1075 1011 1129 et
1031 1086 1133 1135 mare.
1169 1062 1331 1152 Oppianus

228 1163 271 1230 ad
287 1166 522 1252 Imperatorem.
565 1159 733 1248 [Halteres.
748 1183 796 1227 ιιι.
814 1160 863 1249 4.]

575 1283 635 1339 σοῖο
651 1280 700 1351 μὶν
711 1279 763 1352 γὰρ
778 1280 828 1335 ὑπὸ
843 1277 1000 1353 σκήπτροισι
1014 1277 1140 1336 θάλασσα

444 1368 569 1423 Εἷλεῖται.

573 1469 629 1526 tuis
643 1469 750 1526 etenim
763 1469 816 1526 sub
829 1467 937 1540 legibue
951 1485 1048 1540 equor

443 1555 583 1611 Volvitur.

229 1651 276 1716 Et
291 1648 375 1716 Dion
392 1650 593 1727 Prusaeonsis,
617 1649 650 1715 in
666 1651 767 1718 altera
787 1652 828 1717 ad
845 1652 1023 1729 Tarsenses,
1040 1650 1138 1720 multa
1159 1650 1189 1719 ei
1213 1650 1333 1719 civitati

229 1749 270 1815 ab
286 1748 430 1837 Augusto
446 1749 491 1817 ait
505 1770 657 1826 concessa,
681 1749 763 1815 inter
779 1749 842 1816 ulia
856 1748 1006 1839 ἐξουσίαν
1022 1753 1083 1821 τοῦ
1100 1755 1263 1832 ποταμοῦ,
1279 1747 1332 1819 καὶ

229 1849 291 1928 τῆς
316 1841 491 1929 θαλάττης
516 1850 577 1928 τῆς
601 1841 675 1915 κατ’
699 1843 813 1928 αὑτήν·
831 1851 895 1934 jus
918 1852 955 1915 ic
980 1871 1107 1915 amnem
1130 1852 1278 1936 (lydorum
1302 1860 1333 1916 et

224 1948 414 2032 proxim
437 1949 543 2014 maria
559 1958 715 2034 portem:
739 1947 783 2014 Et
802 1947 887 2035 apud
901 1946 1068 2036 Virgilium
1087 1948 1218 2038 legimus
1235 1949 1331 2032 (AEo.

231 2064 252 2108 1.
272 2045 370 2129 236):

426 2147 482 2213 Qui
495 2162 582 2210 mare,
597 2146 646 2219 qui
660 2151 749 2203 terras
761 2149 839 2204 omnl
852 2149 960 2206 ditione
975 2154 1115 2205 tenerent.

228 2299 285 2346 pag.
301 2285 366 2345 118).
396 2286 569 2334 Constantinus
584 2287 757 2336 Monomcchus
807 2291 898 2338 Baldns
907 2291 938 2337 sd
948 2290 1045 2338 titulum
1055 2290 1204 2351 digestorum
1213 2289 1334 2336 deremm

229 2362 254 2408 ln
274 2362 373 2408 historia
392 2361 480 2408 dicitnr
500 2363 547 2422 γῆς
567 2361 608 2408 sal
628 2361 757 2419 baldram
807 2365 922 2411 divisione
939 2365 986 2412 col.
1002 2368 1026 2412 2.
1055 2365 1167 2412 Afflictus
1181 2364 1208 2410 in
1223 2364 1263 2411 air.
1280 2377 1335 2423 quse
1410 2368 1416 2379 '

229 2438 310 2497 arripior
325 2438 368 2484 sul
386 2438 524 2494 δεσπότης·
549 2443 619 2487 lerroe
638 2441 757 2500 mque
808 2439 857 2486 sint
886 2439 984 2500 regula
1031 2439 1184 2486 crebennus
1216 2437 1335 2484 decisione

228 2513 364 2573 Imperator
378 2528 408 2560 cc
424 2513 538 2561 dossinus.
568 2515 602 2561 Et
618 2515 682 2562 inter
702 2515 757 2563 the·
807 2514 987 2562 Pedemontnna
996 2516 1048 2561 156.
1058 2516 1153 2561 nnmt.
1169 2513 1249 2560 ublex
1257 2512 1335 2558 Baldo

229 2594 301 2645 mata,
310 2589 335 2635 id
346 2594 390 2645 est,
400 2590 533 2650 provincias
540 2592 644 2637 Romani
656 2591 758 2651 imperii,
809 2589 867 2635 dicit
874 2594 951 2635 totum
958 2590 1075 2636 mundum
1082 2589 1128 2635 hoc
1134 2589 1190 2648 Jnre
1196 2588 1241 2635 ntl.
1258 2587 1336 2634 Albe-

229 2664 328 2723 ponitnr
337 2678 403 2710 mare
413 2665 539 2725 AEgaenm:
551 2665 625 2725 (apud
637 2666 756 2713 Constan-
807 2663 871 2710 ricus
882 2663 986 2710 Gentills
995 2661 1158 2709 advocationis
1168 2661 1305 2721 Hispanico
1315 2674 1334 2708 1.

229 2737 275 2784 tin.
291 2738 488 2799 Porphyrogenn.
510 2739 563 2786 Lib.
576 2753 594 2786 1.
610 2740 695 2786 Them.
707 2740 756 2800 17).
808 2740 832 2786 8.
864 2737 905 2797 [In
916 2737 977 2794 loco,
987 2751 1059 2796 quem
1069 2738 1165 2783 Auctor
1173 2737 1261 2789 adfert,
1273 2740 1335 2782 tsm·

229 2811 334 2858 Francos
354 2814 414 2858 mari
432 2813 463 2859 sd
480 2813 610 2859 blaesillam
626 2819 652 2859 et
668 2814 756 2860 circum
808 2811 1009 2872 quamexDione
1021 2811 1111 2868 Cassio,
1118 2811 1213 2859 ridetur
1222 2811 1336 2857 memoris

229 2884 358 2945 imperasse
382 2892 464 2932 namt
484 2887 615 2948 Procopius
637 2887 758 2935 Gottliico·
808 2885 890 2944 lapsus
908 2886 972 2931 hunc
993 2885 1138 2944 Scriptorem
1157 2885 1267 2930 lsndssse
1290 2896 1336 2943 pro

230 2973 282 3006 rum
288 2973 328 3005 111.
337 2959 347 3020 (
351 2973 403 3019 cep.
411 2961 462 3018 33).
479 2960 518 3006 De
528 2961 584 3020 jnre
595 2962 695 3008 Venetas
709 2964 757 3009 rei·
809 2960 967 3018 Tnersrsno,
977 2960 1041 3019 apud
1051 2973 1123 3018 qnam
1135 2958 1220 3006 saltem
1232 2958 1335 3004 totidem

230 3033 332 3092 pnblicre
352 3031 405 3078 ride
430 3031 543 3078 Parntsm
571 3034 633 3079 libro
656 3048 700 3082 ru.
732 3040 758 3082 et
808 3032 887 3078 verbis
901 3033 1005 3091 reperies
1019 3033 1092 3078 verbs
1105 3032 1215 3088 adducta,
1227 3031 1335 3079 Oratv.

229 3106 356 3166 specialem
368 3106 491 3152 historiam
501 3107 532 3152 de
546 3107 667 3154 Usoochis.
692 3109 758 3156 Addi
808 3119 865 3167 pag.
878 3105 928 3162 137,
939 3106 965 3150 in
966 3107 1014 3165 fin.
1025 3105 1093 3152 Edit.
1104 3105 1187 3152 Peter.
1199 3104 1277 3161 16181.

230 3180 267 3226 his
282 3184 383 3240 possunt
393 3180 559 3239 jurisconsulti
573 3182 757 3229 recentioressd
852 3179 863 3209 ⁶
878 3180 934 3226 Non
941 3185 1021 3239 potest
1028 3181 1080 3226 heio
1088 3179 1200 3240 distingui
1209 3179 1334 3237 imperium

231 3270 252 3303 ο.
267 3256 309 3303 ubi
324 3255 465 3316 pericnlum,
475 3259 497 3303 3.
515 3258 545 3303 de
555 3257 672 3305 electione
687 3258 712 3303 in
723 3271 757 3306 ιι.
808 3272 823 3302 a
833 3255 954 3310 dominio5
970 3259 998 3300 ut
1008 3256 1033 3299 in
1044 3254 1115 3301 Notis
1129 3253 1216 3299 nostris
1223 3252 1333 3310 Gallicis,

230 3331 350 3388 Bartolna
365 3331 483 3390 Angelus,
498 3330 596 3378 Pelinna
610 3331 635 3377 in
650 3333 713 3378 cad
726 3332 758 3378 li·
807 3329 861 3375 Deo
873 3329 954 3385 dente,
964 3328 1125 3375 ostendemus.
1151 3327 1213 3375 Vide
1228 3327 1334 3386 interim,

230 3405 369 3463 herandum,
379 3407 417 3455 17.
431 3405 456 3452 in
467 3406 597 3467 principio:
612 3406 642 3452 de
655 3405 757 3453 iudeis.
809 3404 872 3450 circs
882 3408 958 3450 totam
969 3404 1031 3450 hsnc
1040 3403 1196 3463 qurestionem
1206 3402 1237 3449 ds
1250 3402 1335 3449 Domi·

230 3651 280 3705 the
291 3657 384 3724 treety
394 3670 450 3709 was
463 3653 526 3708 that
537 3654 648 3710 neither
656 3661 738 3728 party
747 3655 849 3710 should
860 3654 942 3708 allow
954 3653 1004 3708 the
1013 3651 1136 3707 enemies
1149 3651 1183 3706 ol
1190 3650 1241 3707 the
1252 3649 1336 3705 other

233 3742 264 3790 to
276 3754 340 3808 pass
353 3740 465 3808 throuph
477 3741 545 3793 ιλιὶν
555 3741 673 3795 domolo.

290 3821 353 3875 And
371 3826 401 3876 in
420 3823 470 3877 the
490 3829 578 3889 truce,
593 3826 623 3879 in
643 3826 693 3880 the
704 3826 930 3896 Peloponnesicn
951 3841 1017 3888 war,
1034 3821 1084 3877 tho
1102 3822 1269 3892 Megaroans
1286 3836 1335 3874 nro

232 3907 385 3977 permitted
407 3913 437 3961 to
459 3911 588 3980 navigate
610 3911 659 3965 tho
676 3927 724 3965 see
745 3911 911 3981 contiguous
925 3917 955 3964 to
977 3909 1052 3964 their
1073 3908 1130 3962 nnd
1152 3907 1227 3961 their
1247 3905 1335 3959 nllies'

232 3991 337 4047 shores.
374 3992 413 4046 So
428 3992 477 4046 the
489 4011 537 4048 soa
551 3995 574 4049 is
582 3995 689 4067 spoken
703 3996 737 4049 oi
747 4013 778 4050 as
792 4003 857 4066 part
868 3997 902 4050 of
913 3994 962 4050 the
977 3997 1088 4049 Roman
1102 3993 1218 4064 empire,
1229 3991 1268 4062 by
1278 3990 1335 4044 Dio

233 4078 353 4142 omnus,
367 4077 546 4142 Themistius,
559 4080 679 4150 Appiam,
695 4081 751 4135 Dio
766 4082 945 4145 Prusneensis‚
961 4080 1059 4151 Virgil,
1077 4078 1192 4134 Gellius.
1232 4076 1271 4131 So
1286 4074 1337 4130 the

231 4162 390 4217 Massilians
405 4162 462 4215 and
473 4163 522 4217 the
538 4165 696 4236 Sinopians.

290 4254 307 4300 2
334 4247 395 4302 The
410 4249 517 4318 empire
532 4249 565 4302 of
576 4265 594 4301 a
607 4251 720 4320 portion
739 4250 773 4306 of
784 4251 943 4316 thesonis,
958 4251 981 4305 it
995 4250 1087 4305 would
1103 4265 1189 4313 seem,
1204 4247 1337 4317 acquired

230 4333 261 4386 in
275 4332 324 4389 the
335 4349 412 4388 same
424 4350 485 4404 way
496 4349 527 4387 as
541 4333 622 4388 other
636 4335 779 4407 lordship3
796 4337 904 4401 thetis,
918 4353 949 4391 as
961 4336 1050 4391 above
1062 4334 1164 4399 stated,
1175 4349 1206 4388 as
1220 4332 1338 4404 belong·
