<?xml version="1.0" encoding="UTF-8"?>
<!DOCTYPE html PUBLIC "-//W3C//DTD XHTML 1.0 Transitional//EN"
    "http://www.w3.org/TR/xhtml1/DTD/xhtml1-transitional.dtd">
<html xmlns="http://www.w3.org/1999/xhtml" xml:lang="en" lang="en">
 <head>
  <title>
</title>
<meta http-equiv="Content-Type" content="text/html;charset=utf-8" />
  <meta name='ocr-system' content='tesseract 3.04.00' />
  <meta name='ocr-capabilities' content='ocr_page ocr_carea ocr_par ocr_line ocrx_word'/>
</head>
<body>
  <div class='ocr_page' id='page_1' title='image "./hugonisgrotiide00barbgoog_0369.png"; bbox 0 0 2866 4906; ppageno 0'>
   <div class='ocr_carea' id='block_1_1' title="bbox 229 200 1330 272">
    <p class='ocr_par' dir='ltr' id='par_1_1' title="bbox 229 200 1330 272">
     <span class='ocr_line' id='line_1_1' title="bbox 229 200 1330 272; baseline -0.002 -9"><span class='ocrx_word' id='word_1_1' title='bbox 229 200 292 263; x_wconf 77' lang='lat'><strong>298</strong></span> <span class='ocrx_word' id='word_1_2' title='bbox 475 207 527 262; x_wconf 80' lang='lat' dir='ltr'><strong>DE</strong></span> <span class='ocrx_word' id='word_1_3' title='bbox 551 204 827 272; x_wconf 79' lang='lat' dir='ltr'><strong>AGQUISITIONE</strong></span> <span class='ocrx_word' id='word_1_4' title='bbox 852 203 1084 261; x_wconf 80' lang='lat' dir='ltr'>ORIGINARIA</span> <span class='ocrx_word' id='word_1_5' title='bbox 1208 202 1282 272; x_wconf 83' lang='lat' dir='ltr'><strong>[Lm.</strong></span> <span class='ocrx_word' id='word_1_6' title='bbox 1291 206 1330 262; x_wconf 90' lang='lat'><strong>11.</strong></span> 
     </span>
    </p>
   </div>
   <div class='ocr_carea' id='block_1_2' title="bbox 57 365 1332 2467">
    <p class='ocr_par' dir='ltr' id='par_1_2' title="bbox 227 365 1332 454">
     <span class='ocr_line' id='line_1_2' title="bbox 227 365 1332 454; baseline -0.001 -18"><span class='ocrx_word' id='word_1_7' title='bbox 227 372 313 446; x_wconf 89' lang='lat' dir='ltr'><strong>dere,</strong></span> <span class='ocrx_word' id='word_1_8' title='bbox 334 368 388 435; x_wconf 92' lang='lat' dir='ltr'><strong>ubi</strong></span> <span class='ocrx_word' id='word_1_9' title='bbox 409 368 471 436; x_wconf 86' lang='lat' dir='ltr'><strong>alia</strong></span> <span class='ocrx_word' id='word_1_10' title='bbox 490 367 572 435; x_wconf 85' lang='lat' dir='ltr'><strong>ratio</strong></span> <span class='ocrx_word' id='word_1_11' title='bbox 591 390 661 434; x_wconf 92' lang='lat' dir='ltr'><strong>eum</strong></span> <span class='ocrx_word' id='word_1_12' title='bbox 679 365 782 433; x_wconf 79' lang='lat' dir='ltr'><strong>alendi</strong></span> <span class='ocrx_word' id='word_1_13' title='bbox 803 388 864 431; x_wconf 91' lang='lat' dir='ltr'><strong>non</strong></span> <span class='ocrx_word' id='word_1_14' title='bbox 884 366 1041 454; x_wconf 82' lang='lat' dir='ltr'><strong>suppetit:</strong></span> <span class='ocrx_word' id='word_1_15' title='bbox 1068 367 1152 452; x_wconf 91' lang='lat' dir='ltr'><strong>qnod</strong></span> <span class='ocrx_word' id='word_1_16' title='bbox 1173 389 1214 433; x_wconf 83' lang='lat' dir='ltr'><strong>ex</strong></span> <span class='ocrx_word' id='word_1_17' title='bbox 1230 369 1332 435; x_wconf 82' lang='lat' dir='ltr'><strong>veteri</strong></span> 
     </span>
    </p>

    <p class='ocr_par' dir='ltr' id='par_1_3' title="bbox 128 466 1332 1051">
     <span class='ocr_line' id='line_1_3' title="bbox 128 466 1332 556; baseline -0.002 -20"><span class='ocrx_word' id='word_1_18' title='bbox 128 508 134 521; x_wconf 93' lang='lat'><strong>·</strong></span> <span class='ocrx_word' id='word_1_19' title='bbox 227 469 446 536; x_wconf 86' lang='lat' dir='ltr'><strong>Thebanorum</strong></span> <span class='ocrx_word' id='word_1_20' title='bbox 461 468 532 556; x_wconf 90' lang='lat' dir='ltr'><strong>lego</strong></span> <span class='ocrx_word' id='word_1_21' title='bbox 549 469 654 554; x_wconf 88' lang='lat' dir='ltr'><strong>(quam</strong></span> <span class='ocrx_word' id='word_1_22' title='bbox 669 466 750 532; x_wconf 92' lang='lat' dir='ltr'><strong>libro</strong></span> <span class='ocrx_word' id='word_1_23' title='bbox 770 466 905 532; x_wconf 89' lang='lat' dir='ltr'><strong>secundo</strong></span> <span class='ocrx_word' id='word_1_24' title='bbox 921 466 1033 532; x_wconf 81' lang='lat' dir='ltr'><strong>recitat</strong></span> <span class='ocrx_word' id='word_1_25' title='bbox 1050 467 1208 552; x_wconf 84' lang='lat' dir='ltr'><strong>AElianus)</strong></span> <span class='ocrx_word' id='word_1_26' title='bbox 1226 467 1258 532; x_wconf 93' lang='lat' dir='ltr'><strong>in</strong></span> <span class='ocrx_word' id='word_1_27' title='bbox 1276 490 1332 554; x_wconf 72' lang='lat' dir='ltr'><strong>po-</strong></span> 
     </span>
     <span class='ocr_line' id='line_1_4' title="bbox 226 565 1331 657; baseline -0.001 -23"><span class='ocrx_word' id='word_1_28' title='bbox 226 569 315 657; x_wconf 92' lang='lat' dir='ltr'><strong>pulos</strong></span> <span class='ocrx_word' id='word_1_29' title='bbox 329 568 406 634; x_wconf 87' lang='lat' dir='ltr'><strong>alios</strong></span> <span class='ocrx_word' id='word_1_30' title='bbox 422 567 547 633; x_wconf 88' lang='lat' dir='ltr'><strong>videtur</strong></span> <span class='ocrx_word' id='word_1_31' title='bbox 562 566 707 633; x_wconf 86' lang='lat' dir='ltr'><strong>fluxisse:</strong></span> <span class='ocrx_word' id='word_1_32' title='bbox 733 565 801 652; x_wconf 89' lang='lat' dir='ltr'><strong>ipsa</strong></span> <span class='ocrx_word' id='word_1_33' title='bbox 816 575 920 632; x_wconf 88' lang='lat' dir='ltr'><strong>autem</strong></span> <span class='ocrx_word' id='word_1_34' title='bbox 937 566 989 632; x_wconf 84' lang='lat' dir='ltr'><strong>lex</strong></span> <span class='ocrx_word' id='word_1_35' title='bbox 1006 567 1156 633; x_wconf 86' lang='lat' dir='ltr'><strong>Thebana</strong></span> <span class='ocrx_word' id='word_1_36' title='bbox 1169 589 1190 632; x_wconf 88' lang='lat' dir='ltr'><strong>a</strong></span> <span class='ocrx_word' id='word_1_37' title='bbox 1206 568 1331 633; x_wconf 86' lang='lat' dir='ltr'><strong>Phoeni-</strong></span> 
     </span>
     <span class='ocr_line' id='line_1_5' title="bbox 226 663 1331 754; baseline 0.001 -20"><span class='ocrx_word' id='word_1_38' title='bbox 226 668 311 735; x_wconf 87' lang='lat' dir='ltr'><strong>cibus</strong></span> <span class='ocrx_word' id='word_1_39' title='bbox 327 689 363 733; x_wconf 92' lang='lat' dir='ltr'><strong>ac</strong></span> <span class='ocrx_word' id='word_1_40' title='bbox 384 689 478 754; x_wconf 93' lang='lat' dir='ltr'><strong>porro</strong></span> <span class='ocrx_word' id='word_1_41' title='bbox 498 669 540 733; x_wconf 88' lang='lat' dir='ltr'><strong>ab</strong></span> <span class='ocrx_word' id='word_1_42' title='bbox 559 664 703 732; x_wconf 74' lang='lat' dir='ltr'><strong>Hebraeis</strong></span> <span class='ocrx_word' id='word_1_43' title='bbox 720 663 857 731; x_wconf 83' lang='lat' dir='ltr'><strong>venisse:</strong></span> <span class='ocrx_word' id='word_1_44' title='bbox 883 686 977 752; x_wconf 88' lang='lat' dir='ltr'><strong>quam</strong></span> <span class='ocrx_word' id='word_1_45' title='bbox 991 665 1089 752; x_wconf 87' lang='lat' dir='ltr'><strong>ipsam</strong></span> <span class='ocrx_word' id='word_1_46' title='bbox 1111 664 1282 733; x_wconf 69' lang='lat' dir='ltr'>obtinuisse</span> <span class='ocrx_word' id='word_1_47' title='bbox 1296 676 1331 736; x_wconf 90' lang='lat' dir='ltr'><strong>et</strong></span> 
     </span>
     <span class='ocr_line' id='line_1_6' title="bbox 225 763 1328 854; baseline -0.001 -21"><span class='ocrx_word' id='word_1_48' title='bbox 225 767 310 853; x_wconf 89' lang='lat' dir='ltr'><strong>apud</strong></span> <span class='ocrx_word' id='word_1_49' title='bbox 340 767 489 854; x_wconf 75' lang='lat' dir='ltr'><strong>Phrygas</strong></span> <span class='ocrx_word' id='word_1_50' title='bbox 525 765 616 831; x_wconf 90' lang='lat' dir='ltr'><strong>docet</strong></span> <span class='ocrx_word' id='word_1_51' title='bbox 645 763 833 851; x_wconf 86' lang='lat' dir='ltr'><strong>Apollonius</strong></span> <span class='ocrx_word' id='word_1_52' title='bbox 855 763 1016 852; x_wconf 80' lang='lat' dir='ltr'><strong>³Epistole</strong></span> <span class='ocrx_word' id='word_1_53' title='bbox 1040 764 1082 831; x_wconf 92' lang='lat' dir='ltr'><strong>ad</strong></span> <span class='ocrx_word' id='word_1_54' title='bbox 1105 764 1328 832; x_wconf 89' lang='lat' dir='ltr'><strong>Domitianum.</strong></span> 
     </span>
     <span class='ocr_line' id='line_1_7' title="bbox 227 861 1330 953; baseline 0 -22"><span class='ocrx_word' id='word_1_55' title='bbox 227 868 379 932; x_wconf 75' lang='lat' dir='ltr'><strong>Censetur</strong></span> <span class='ocrx_word' id='word_1_56' title='bbox 391 864 505 953; x_wconf 86' lang='lat' dir='ltr'><strong>quippe</strong></span> <span class='ocrx_word' id='word_1_57' title='bbox 520 864 589 951; x_wconf 82' lang='lat' dir='ltr'><strong>ipsa</strong></span> <span class='ocrx_word' id='word_1_58' title='bbox 604 873 719 929; x_wconf 88' lang='lat' dir='ltr'><strong>natura</strong></span> <span class='ocrx_word' id='word_1_59' title='bbox 729 861 783 949; x_wconf 86' lang='lat' dir='ltr'><strong>jus</strong></span> <span class='ocrx_word' id='word_1_60' title='bbox 800 862 876 929; x_wconf 86' lang='lat' dir='ltr'><strong>darc</strong></span> <span class='ocrx_word' id='word_1_61' title='bbox 889 863 932 930; x_wconf 89' lang='lat' dir='ltr'><strong>ad</strong></span> <span class='ocrx_word' id='word_1_62' title='bbox 946 862 979 929; x_wconf 96' lang='lat' dir='ltr'><strong>id</strong></span> <span class='ocrx_word' id='word_1_63' title='bbox 994 884 1095 942; x_wconf 90' lang='lat' dir='ltr'><strong>omne,</strong></span> <span class='ocrx_word' id='word_1_64' title='bbox 1111 863 1178 931; x_wconf 87' lang='lat' dir='ltr'><strong>eine</strong></span> <span class='ocrx_word' id='word_1_65' title='bbox 1194 886 1258 951; x_wconf 90' lang='lat' dir='ltr'><strong>quo</strong></span> <span class='ocrx_word' id='word_1_66' title='bbox 1275 865 1330 932; x_wconf 93' lang='lat' dir='ltr'><strong>ob·</strong></span> 
     </span>
     <span class='ocr_line' id='line_1_8' title="bbox 226 961 858 1051; baseline -0.005 -21"><span class='ocrx_word' id='word_1_67' title='bbox 226 964 320 1030; x_wconf 87' lang='lat' dir='ltr'><strong>tineri</strong></span> <span class='ocrx_word' id='word_1_68' title='bbox 335 986 398 1029; x_wconf 94' lang='lat' dir='ltr'><strong>non</strong></span> <span class='ocrx_word' id='word_1_69' title='bbox 414 972 517 1051; x_wconf 88' lang='lat' dir='ltr'><strong>potest</strong></span> <span class='ocrx_word' id='word_1_70' title='bbox 532 963 616 1050; x_wconf 93' lang='lat' dir='ltr'><strong>quod</strong></span> <span class='ocrx_word' id='word_1_71' title='bbox 630 963 700 1050; x_wconf 91' lang='lat' dir='ltr'><strong>ipsa</strong></span> <span class='ocrx_word' id='word_1_72' title='bbox 714 961 858 1049; x_wconf 72' lang='grc' dir='ltr'>ἰωροιοι.</span> 
     </span>
    </p>

    <p class='ocr_par' dir='ltr' id='par_1_4' title="bbox 224 1057 1329 1445">
     <span class='ocr_line' id='line_1_9' title="bbox 295 1057 1329 1152; baseline 0.007 -23"><span class='ocrx_word' id='word_1_73' title='bbox 295 1065 352 1130; x_wconf 88' lang='lat' dir='ltr'><strong>VI.</strong></span> <span class='ocrx_word' id='word_1_74' title='bbox 405 1065 443 1128; x_wconf 94' lang='lat' dir='ltr'><strong>In</strong></span> <span class='ocrx_word' id='word_1_75' title='bbox 460 1061 554 1130; x_wconf 85' lang='lat' dir='ltr'><strong>tertio</strong></span> <span class='ocrx_word' id='word_1_76' title='bbox 576 1071 718 1149; x_wconf 88' lang='lat' dir='ltr'><strong>tempore</strong></span> <span class='ocrx_word' id='word_1_77' title='bbox 734 1061 815 1127; x_wconf 87' lang='lat' dir='ltr'><strong>iilius</strong></span> <span class='ocrx_word' id='word_1_78' title='bbox 831 1060 863 1125; x_wconf 94' lang='lat' dir='ltr'><strong>in</strong></span> <span class='ocrx_word' id='word_1_79' title='bbox 880 1061 1021 1129; x_wconf 89' lang='lat' dir='ltr'><strong>omnibns</strong></span> <span class='ocrx_word' id='word_1_80' title='bbox 1035 1071 1085 1131; x_wconf 87' lang='lat' dir='ltr'><strong>est</strong></span> <span class='ocrx_word' id='word_1_81' title='bbox 1107 1057 1329 1152; x_wconf 71' lang='grc' dir='ltr'>αὐτεξούσιον,</span> 
     </span>
     <span class='ocr_line' id='line_1_10' title="bbox 225 1159 1329 1249; baseline -0.003 -19"><span class='ocrx_word' id='word_1_82' title='bbox 225 1161 334 1248; x_wconf 87' lang='lat' dir='ltr'><strong>suique</strong></span> <span class='ocrx_word' id='word_1_83' title='bbox 345 1161 437 1249; x_wconf 87' lang='lat' dir='ltr'><strong>juris,</strong></span> <span class='ocrx_word' id='word_1_84' title='bbox 452 1170 596 1228; x_wconf 85' lang='lat' dir='ltr'><strong>manente</strong></span> <span class='ocrx_word' id='word_1_85' title='bbox 612 1169 717 1227; x_wconf 85' lang='lat' dir='ltr'><strong>tamen</strong></span> <span class='ocrx_word' id='word_1_86' title='bbox 729 1181 852 1247; x_wconf 78' lang='lat' dir='ltr'><strong>semper</strong></span> <span class='ocrx_word' id='word_1_87' title='bbox 865 1159 917 1226; x_wconf 90' lang='lat' dir='ltr'><strong>illo</strong></span> <span class='ocrx_word' id='word_1_88' title='bbox 930 1161 1055 1249; x_wconf 88' lang='lat' dir='ltr'><strong>pictatis</strong></span> <span class='ocrx_word' id='word_1_89' title='bbox 1071 1168 1104 1229; x_wconf 93' lang='lat' dir='ltr'><strong>et</strong></span> <span class='ocrx_word' id='word_1_90' title='bbox 1120 1162 1329 1229; x_wconf 65' lang='lat' dir='ltr'><strong>observantie</strong></span> 
     </span>
     <span class='ocr_line' id='line_1_11' title="bbox 225 1259 1329 1349; baseline 0.003 -23"><span class='ocrx_word' id='word_1_91' title='bbox 225 1261 340 1338; x_wconf 87' lang='lat' dir='ltr'><strong>debito,</strong></span> <span class='ocrx_word' id='word_1_92' title='bbox 357 1260 444 1348; x_wconf 89' lang='lat' dir='ltr'><strong>cujus</strong></span> <span class='ocrx_word' id='word_1_93' title='bbox 458 1282 552 1327; x_wconf 83' lang='lat' dir='ltr'><strong>causa</strong></span> <span class='ocrx_word' id='word_1_94' title='bbox 567 1268 721 1348; x_wconf 85' lang='lat' dir='ltr'><strong>perpetua</strong></span> <span class='ocrx_word' id='word_1_95' title='bbox 737 1267 794 1325; x_wconf 86' lang='lat' dir='ltr'><strong>est.</strong></span> <span class='ocrx_word' id='word_1_96' title='bbox 836 1260 929 1325; x_wconf 88' lang='lat' dir='ltr'><strong>Unde</strong></span> <span class='ocrx_word' id='word_1_97' title='bbox 945 1259 1095 1346; x_wconf 87' lang='lat' dir='ltr'><strong>sequitur,</strong></span> <span class='ocrx_word' id='word_1_98' title='bbox 1112 1282 1225 1349; x_wconf 88' lang='lat' dir='ltr'><strong>regum</strong></span> <span class='ocrx_word' id='word_1_99' title='bbox 1240 1270 1329 1329; x_wconf 83' lang='lat' dir='ltr'><strong>ectus</strong></span> 
     </span>
     <span class='ocr_line' id='line_1_12' title="bbox 224 1358 1217 1445; baseline -0.001 -18"><span class='ocrx_word' id='word_1_100' title='bbox 224 1360 330 1427; x_wconf 84' lang='lat' dir='ltr'><strong>irritos</strong></span> <span class='ocrx_word' id='word_1_101' title='bbox 347 1360 407 1426; x_wconf 93' lang='lat' dir='ltr'><strong>dici</strong></span> <span class='ocrx_word' id='word_1_102' title='bbox 423 1359 598 1426; x_wconf 88' lang='lat' dir='ltr'><strong>eonomine</strong></span> <span class='ocrx_word' id='word_1_103' title='bbox 614 1380 677 1425; x_wconf 90' lang='lat' dir='ltr'><strong>non</strong></span> <span class='ocrx_word' id='word_1_104' title='bbox 693 1379 792 1445; x_wconf 86' lang='lat' dir='ltr'><strong>posse,</strong></span> <span class='ocrx_word' id='word_1_105' title='bbox 808 1358 892 1445; x_wconf 90' lang='lat' dir='ltr'><strong>quod</strong></span> <span class='ocrx_word' id='word_1_106' title='bbox 908 1368 1055 1445; x_wconf 86' lang='lat' dir='ltr'><strong>parentes</strong></span> <span class='ocrx_word' id='word_1_107' title='bbox 1070 1360 1217 1426; x_wconf 86' lang='lat' dir='ltr'><strong>habeant.</strong></span> 
     </span>
    </p>

    <p class='ocr_par' dir='ltr' id='par_1_5' title="bbox 223 1456 1328 1645">
     <span class='ocr_line' id='line_1_13' title="bbox 297 1456 1328 1545; baseline 0 -20"><span class='ocrx_word' id='word_1_108' title='bbox 297 1458 375 1526; x_wconf 89' lang='lat' dir='ltr'>VII.</span> <span class='ocrx_word' id='word_1_109' title='bbox 427 1458 601 1544; x_wconf 73' lang='lat' dir='ltr'><strong>eQuicquid</strong></span> <span class='ocrx_word' id='word_1_110' title='bbox 617 1466 710 1523; x_wconf 88' lang='lat' dir='ltr'><strong>extra</strong></span> <span class='ocrx_word' id='word_1_111' title='bbox 725 1457 792 1522; x_wconf 82' lang='lat' dir='ltr'><strong>haec</strong></span> <span class='ocrx_word' id='word_1_112' title='bbox 804 1466 862 1533; x_wconf 90' lang='lat' dir='ltr'><strong>est,</strong></span> <span class='ocrx_word' id='word_1_113' title='bbox 877 1479 898 1522; x_wconf 91' lang='lat' dir='ltr'><strong>a</strong></span> <span class='ocrx_word' id='word_1_114' title='bbox 909 1456 980 1544; x_wconf 91' lang='lat' dir='ltr'><strong>iege</strong></span> <span class='ocrx_word' id='word_1_115' title='bbox 996 1467 1044 1522; x_wconf 88' lang='lat' dir='ltr'><strong>est</strong></span> <span class='ocrx_word' id='word_1_116' title='bbox 1056 1458 1242 1536; x_wconf 82' lang='lat' dir='ltr'><strong>voluntaria,</strong></span> <span class='ocrx_word' id='word_1_117' title='bbox 1256 1480 1328 1545; x_wconf 81' lang='lat' dir='ltr'><strong>quae</strong></span> 
     </span>
     <span class='ocr_line' id='line_1_14' title="bbox 223 1555 1328 1645; baseline 0.002 -22"><span class='ocrx_word' id='word_1_118' title='bbox 223 1557 299 1625; x_wconf 85' lang='lat' dir='ltr'><strong>alibi</strong></span> <span class='ocrx_word' id='word_1_119' title='bbox 320 1568 368 1625; x_wconf 90' lang='lat' dir='ltr'><strong>est</strong></span> <span class='ocrx_word' id='word_1_120' title='bbox 390 1557 462 1623; x_wconf 86' lang='lat' dir='ltr'><strong>alia</strong></span> <span class='ocrx_word' id='word_1_121' title='bbox 514 1556 596 1623; x_wconf 86' lang='lat' dir='ltr'><strong>Sic</strong></span> <span class='ocrx_word' id='word_1_122' title='bbox 583 1577 657 1642; x_wconf 81' lang='lat' dir='ltr'><strong>Jure</strong></span> <span class='ocrx_word' id='word_1_123' title='bbox 681 1555 764 1641; x_wconf 92' lang='lat' dir='ltr'><strong>quod</strong></span> <span class='ocrx_word' id='word_1_124' title='bbox 789 1557 877 1622; x_wconf 87' lang='lat' dir='ltr'><strong>Deus</strong></span> <span class='ocrx_word' id='word_1_125' title='bbox 900 1556 1047 1623; x_wconf 72' lang='lat' dir='ltr'><strong>Hebraeis</strong></span> <span class='ocrx_word' id='word_1_126' title='bbox 1066 1557 1164 1634; x_wconf 87' lang='lat' dir='ltr'><strong>dedit,</strong></span> <span class='ocrx_word' id='word_1_127' title='bbox 1188 1566 1328 1645; x_wconf 85' lang='lat' dir='ltr'><strong>potestas</strong></span> 
     </span>
    </p>

    <p class='ocr_par' dir='ltr' id='par_1_6' title="bbox 57 1653 1327 2441">
     <span class='ocr_line' id='line_1_15' title="bbox 62 1653 1327 1771; baseline -0.001 -47"><span class='ocrx_word' id='word_1_128' title='bbox 62 1684 210 1771; x_wconf 48' lang='lat' dir='ltr'><strong>“imi</strong></span> <span class='ocrx_word' id='word_1_129' title='bbox 204 1656 325 1742; x_wconf 89' lang='lat' dir='ltr'><strong>,patris</strong></span> <span class='ocrx_word' id='word_1_130' title='bbox 340 1657 373 1721; x_wconf 94' lang='lat' dir='ltr'><strong>in</strong></span> <span class='ocrx_word' id='word_1_131' title='bbox 397 1656 493 1721; x_wconf 90' lang='lat' dir='ltr'><strong>filium</strong></span> <span class='ocrx_word' id='word_1_132' title='bbox 510 1666 566 1722; x_wconf 88' lang='lat' dir='ltr'><strong>sut</strong></span> <span class='ocrx_word' id='word_1_133' title='bbox 588 1653 692 1731; x_wconf 85' lang='lat' dir='ltr'><strong>filiam,</strong></span> <span class='ocrx_word' id='word_1_134' title='bbox 710 1654 752 1719; x_wconf 93' lang='lat' dir='ltr'><strong>ad</strong></span> <span class='ocrx_word' id='word_1_135' title='bbox 775 1654 971 1720; x_wconf 84' lang='lat' dir='ltr'><strong>dissolvenda</strong></span> <span class='ocrx_word' id='word_1_136' title='bbox 985 1663 1059 1722; x_wconf 84' lang='lat' dir='ltr'><strong>vota</strong></span> <span class='ocrx_word' id='word_1_137' title='bbox 1080 1677 1144 1721; x_wconf 90' lang='lat' dir='ltr'><strong>non</strong></span> <span class='ocrx_word' id='word_1_138' title='bbox 1162 1665 1233 1722; x_wconf 86' lang='lat' dir='ltr'><strong>crat</strong></span> <span class='ocrx_word' id='word_1_139' title='bbox 1255 1678 1327 1743; x_wconf 91' lang='lat' dir='ltr'><strong>per-</strong></span> 
     </span>
     <span class='ocr_line' id='line_1_16' title="bbox 59 1746 1326 1967; baseline 0.011 -61"><span class='ocrx_word' id='word_1_140' title='bbox 59 1776 210 1906; x_wconf 69' lang='lat' dir='ltr'><strong>eiiii</strong></span> <span class='ocrx_word' id='word_1_141' title='bbox 224 1755 401 1967; x_wconf 59' lang='lat' dir='ltr'><strong>iiiiii</strong></span> <span class='ocrx_word' id='word_1_142' title='bbox 416 1753 715 1966; x_wconf 55' lang='lat' dir='ltr'><strong>{iiiiii</strong></span> <span class='ocrx_word' id='word_1_143' title='bbox 730 1746 1326 1938; x_wconf 57' lang='lat' dir='ltr'><strong>iiiititiiiittiffi</strong></span> 
     </span>
     <span class='ocr_line' id='line_1_17' title="bbox 223 1950 1326 2040; baseline 0.001 -22"><span class='ocrx_word' id='word_1_144' title='bbox 223 1952 317 2019; x_wconf 86' lang='lat' dir='ltr'><strong>ctiam</strong></span> <span class='ocrx_word' id='word_1_145' title='bbox 344 1952 377 2017; x_wconf 92' lang='lat' dir='ltr'><strong>in</strong></span> <span class='ocrx_word' id='word_1_146' title='bbox 403 1951 481 2017; x_wconf 85' lang='lat' dir='ltr'><strong>tilios</strong></span> <span class='ocrx_word' id='word_1_147' title='bbox 509 1951 564 2037; x_wconf 92' lang='lat' dir='ltr'><strong>qui</strong></span> <span class='ocrx_word' id='word_1_148' title='bbox 592 1950 717 2016; x_wconf 75' lang='lat' dir='ltr'><strong>familias</strong></span> <span class='ocrx_word' id='word_1_149' title='bbox 746 1951 882 2039; x_wconf 76' lang='lat' dir='ltr'><strong>propriae</strong></span> <span class='ocrx_word' id='word_1_150' title='bbox 913 1951 1017 2039; x_wconf 87' lang='lat' dir='ltr'><strong>capita</strong></span> <span class='ocrx_word' id='word_1_151' title='bbox 1046 1961 1147 2029; x_wconf 89' lang='lat' dir='ltr'><strong>erant,</strong></span> <span class='ocrx_word' id='word_1_152' title='bbox 1177 1953 1326 2040; x_wconf 91' lang='lat' dir='ltr'><strong>quamdiu</strong></span> 
     </span>
     <span class='ocr_line' id='line_1_18' title="bbox 222 2050 1326 2139; baseline 0.002 -22"><span class='ocrx_word' id='word_1_153' title='bbox 222 2051 409 2139; x_wconf 88' lang='lat' dir='ltr'><strong>emancipati</strong></span> <span class='ocrx_word' id='word_1_154' title='bbox 423 2072 486 2117; x_wconf 90' lang='lat' dir='ltr'><strong>non</strong></span> <span class='ocrx_word' id='word_1_155' title='bbox 502 2058 603 2116; x_wconf 87' lang='lat' dir='ltr'><strong>erant.</strong></span> <span class='ocrx_word' id='word_1_156' title='bbox 648 2050 805 2128; x_wconf 78' lang='lat' dir='ltr'><strong>Qualem</strong></span> <span class='ocrx_word' id='word_1_157' title='bbox 795 2072 829 2115; x_wconf 89' lang='lat' dir='ltr'><strong>m</strong></span> <span class='ocrx_word' id='word_1_158' title='bbox 842 2050 957 2118; x_wconf 87' lang='lat' dir='ltr'><strong>liberos</strong></span> <span class='ocrx_word' id='word_1_159' title='bbox 972 2059 1157 2138; x_wconf 82' lang='lat' dir='ltr'><strong>potestatem</strong></span> <span class='ocrx_word' id='word_1_160' title='bbox 1170 2052 1248 2119; x_wconf 85' lang='lat' dir='ltr'><strong>elios</strong></span> <span class='ocrx_word' id='word_1_161' title='bbox 1262 2074 1326 2119; x_wconf 92' lang='lat' dir='ltr'><strong>non</strong></span> 
     </span>
     <span class='ocr_line' id='line_1_19' title="bbox 58 2148 1326 2294; baseline 0.001 -78"><span class='ocrx_word' id='word_1_162' title='bbox 58 2164 205 2294; x_wconf 53' lang='lat' dir='ltr'><strong>gpggogg</strong></span> <span class='ocrx_word' id='word_1_163' title='bbox 222 2150 364 2218; x_wconf 83' lang='lat' dir='ltr'><strong>habere</strong></span> <span class='ocrx_word' id='word_1_164' title='bbox 355 2173 415 2239; x_wconf 88' lang='lat' dir='ltr'><strong>1ps1</strong></span> <span class='ocrx_word' id='word_1_165' title='bbox 404 2149 563 2216; x_wconf 86' lang='lat' dir='ltr'><strong>Romani</strong></span> <span class='ocrx_word' id='word_1_166' title='bbox 576 2148 773 2236; x_wconf 87' lang='lat' dir='ltr'><strong>profitentur.</strong></span> <span class='ocrx_word' id='word_1_167' title='bbox 822 2149 938 2217; x_wconf 82' lang='lat' dir='ltr'><strong>Sextus</strong></span> <span class='ocrx_word' id='word_1_168' title='bbox 960 2150 1134 2236; x_wconf 83' lang='lat' dir='ltr'><strong>Empiricus</strong></span> <span class='ocrx_word' id='word_1_169' title='bbox 1150 2151 1326 2240; x_wconf 76' lang='lat' dir='ltr'><strong>Pyrrhoni·</strong></span> 
     </span>
     <span class='ocr_line' id='line_1_20' title="bbox 57 2211 1324 2380; baseline 0.002 -65"><span class='ocrx_word' id='word_1_170' title='bbox 57 2300 87 2340; x_wconf 52' lang='lat'><strong>0·</strong></span> <span class='ocrx_word' id='word_1_171' title='bbox 73 2211 178 2344; x_wconf 42' lang='lat' dir='ltr'><strong>“min</strong></span> <span class='ocrx_word' id='word_1_172' title='bbox 222 2271 312 2316; x_wconf 82' lang='lat' dir='ltr'><strong>orum</strong></span> <span class='ocrx_word' id='word_1_173' title='bbox 329 2250 442 2317; x_wconf 85' lang='lat' dir='ltr'><strong>tertio·</strong></span> <span class='ocrx_word' id='word_1_174' title='bbox 470 2249 500 2317; x_wconf 87' lang='lat' dir='ltr'><strong>oi</strong></span> <span class='ocrx_word' id='word_1_175' title='bbox 516 2245 680 2329; x_wconf 72' lang='grc' dir='ltr'>Ρωμαίων</span> <span class='ocrx_word' id='word_1_176' title='bbox 698 2243 869 2329; x_wconf 72' lang='grc' dir='ltr'>νομοθέται</span> <span class='ocrx_word' id='word_1_177' title='bbox 888 2276 966 2318; x_wconf 73' lang='lat' dir='ltr'><strong>‘rous</strong></span> <span class='ocrx_word' id='word_1_178' title='bbox 983 2243 1133 2319; x_wconf 74' lang='grc' dir='ltr'>παῖδας</span> <span class='ocrx_word' id='word_1_179' title='bbox 1103 2251 1324 2380; x_wconf 51' lang='grc' dir='ltr'>νποχειζνῖονς</span> 
     </span>
     <span class='ocr_line' id='line_1_21' title="bbox 222 2342 1325 2467; baseline 0.001 -50"><span class='ocrx_word' id='word_1_180' title='bbox 222 2379 273 2418; x_wconf 82' lang='grc' dir='ltr'>και</span> <span class='ocrx_word' id='word_1_181' title='bbox 266 2342 429 2419; x_wconf 73' lang='grc' dir='ltr'>δούλους</span> <span class='ocrx_word' id='word_1_182' title='bbox 455 2350 523 2416; x_wconf 76' lang='grc' dir='ltr'><strong>τῶν</strong></span> <span class='ocrx_word' id='word_1_183' title='bbox 545 2343 701 2467; x_wconf 70' lang='grc' dir='ltr'>πατέρων</span> <span class='ocrx_word' id='word_1_184' title='bbox 723 2342 907 2416; x_wconf 72' lang='grc' dir='ltr'>κελεύουσιν</span> <span class='ocrx_word' id='word_1_185' title='bbox 928 2349 1018 2415; x_wconf 73' lang='grc' dir='ltr'>εἶναι</span> <span class='ocrx_word' id='word_1_186' title='bbox 1059 2347 1110 2417; x_wconf 71' lang='grc' dir='ltr'><strong>καὶ</strong></span> <span class='ocrx_word' id='word_1_187' title='bbox 1131 2351 1192 2429; x_wconf 78' lang='grc' dir='ltr'><strong>τῆς</strong></span> <span class='ocrx_word' id='word_1_188' title='bbox 1214 2345 1325 2428; x_wconf 75' lang='grc' dir='ltr'>ονσίας</span> 
     </span>
    </p>
   </div>
   <div class='ocr_carea' id='block_1_3' title="bbox 221 2437 1323 2542">
    <p class='ocr_par' dir='ltr' id='par_1_7' title="bbox 221 2437 1323 2542">
     <span class='ocr_line' id='line_1_22' title="bbox 221 2437 1323 2542; baseline -0.001 -24"><span class='ocrx_word' id='word_1_189' title='bbox 221 2450 290 2518; x_wconf 71' lang='grc' dir='ltr'><strong>τῶν</strong></span> <span class='ocrx_word' id='word_1_190' title='bbox 314 2441 497 2517; x_wconf 72' lang='grc' dir='ltr'>παίδων</span> <span class='ocrx_word' id='word_1_191' title='bbox 455 2477 498 2529; x_wconf 83' lang='grc' dir='ltr'><strong>μη</strong></span> <span class='ocrx_word' id='word_1_192' title='bbox 521 2441 678 2542; x_wconf 66' lang='lat' dir='ltr'><strong>ruptarius</strong></span> <span class='ocrx_word' id='word_1_193' title='bbox 703 2475 779 2519; x_wconf 78' lang='grc' dir='ltr'>τους</span> <span class='ocrx_word' id='word_1_194' title='bbox 802 2437 931 2525; x_wconf 70' lang='grc' dir='ltr'>παῖδας,</span> <span class='ocrx_word' id='word_1_195' title='bbox 952 2442 1044 2515; x_wconf 68' lang='grc' dir='ltr'>ἀλλὰ</span> <span class='ocrx_word' id='word_1_196' title='bbox 1066 2476 1143 2521; x_wconf 78' lang='grc' dir='ltr'>τονι</span> <span class='ocrx_word' id='word_1_197' title='bbox 1162 2443 1323 2542; x_wconf 73' lang='grc' dir='ltr'>πατέρας,</span> 
     </span>
    </p>
   </div>
   <div class='ocr_carea' id='block_1_4' title="bbox 218 2623 1324 3279">
    <p class='ocr_par' dir='ltr' id='par_1_8' title="bbox 219 2623 1324 2981">
     <span class='ocr_line' id='line_1_23' title="bbox 220 2623 1324 2685; baseline -0.003 -13"><span class='ocrx_word' id='word_1_198' title='bbox 220 2624 610 2685; x_wconf 73' lang='lat' dir='ltr'><strong>deliberantinchuitaiemperire</strong></span> <span class='ocrx_word' id='word_1_199' title='bbox 624 2637 696 2683; x_wconf 78' lang='grc' dir='ltr'>φιαιιι</span> <span class='ocrx_word' id='word_1_200' title='bbox 710 2624 746 2668; x_wconf 77' lang='grc' dir='ltr'><strong>οἱ.</strong></span> <span class='ocrx_word' id='word_1_201' title='bbox 795 2627 925 2679; x_wconf 65' lang='lat' dir='ltr'><strong>uniantur,</strong></span> <span class='ocrx_word' id='word_1_202' title='bbox 945 2623 976 2669; x_wconf 85' lang='lat' dir='ltr'><strong>ed</strong></span> <span class='ocrx_word' id='word_1_203' title='bbox 995 2623 1050 2669; x_wconf 88' lang='lat' dir='ltr'><strong>illos</strong></span> <span class='ocrx_word' id='word_1_204' title='bbox 1069 2623 1160 2670; x_wconf 84' lang='lat' dir='ltr'><strong>scilicet</strong></span> <span class='ocrx_word' id='word_1_205' title='bbox 1179 2623 1324 2672; x_wconf 82' lang='lat' dir='ltr'><strong>liberandos.</strong></span> 
     </span>
     <span class='ocr_line' id='line_1_24' title="bbox 220 2697 1321 2759; baseline 0.004 -16"><span class='ocrx_word' id='word_1_206' title='bbox 220 2704 277 2756; x_wconf 74' lang='lat' dir='ltr'><strong>tom,</strong></span> <span class='ocrx_word' id='word_1_207' title='bbox 297 2698 352 2744; x_wconf 83' lang='lat' dir='ltr'><strong>dam</strong></span> <span class='ocrx_word' id='word_1_208' title='bbox 371 2699 554 2745; x_wconf 64' lang='lat' dir='ltr'><strong>mabericorditcr</strong></span> <span class='ocrx_word' id='word_1_209' title='bbox 575 2698 674 2744; x_wconf 71' lang='lat' dir='ltr'><strong>dendus</strong></span> <span class='ocrx_word' id='word_1_210' title='bbox 693 2698 747 2756; x_wconf 73' lang='lat' dir='ltr'><strong>quie</strong></span> <span class='ocrx_word' id='word_1_211' title='bbox 799 2697 844 2743; x_wconf 82' lang='lat' dir='ltr'><strong>Vit.</strong></span> <span class='ocrx_word' id='word_1_212' title='bbox 859 2698 939 2757; x_wconf 76' lang='lat' dir='ltr'><strong>Apoll.</strong></span> <span class='ocrx_word' id='word_1_213' title='bbox 954 2698 1007 2747; x_wconf 88' lang='lat' dir='ltr'><strong>Lib.</strong></span> <span class='ocrx_word' id='word_1_214' title='bbox 1018 2699 1066 2746; x_wconf 86' lang='lat' dir='ltr'><strong>vui</strong></span> <span class='ocrx_word' id='word_1_215' title='bbox 1081 2713 1133 2758; x_wconf 80' lang='lat' dir='ltr'><strong>cap.</strong></span> <span class='ocrx_word' id='word_1_216' title='bbox 1143 2698 1183 2745; x_wconf 78' lang='lat' dir='ltr'><strong>vii.</strong></span> <span class='ocrx_word' id='word_1_217' title='bbox 1198 2713 1255 2759; x_wconf 74' lang='lat' dir='ltr'><strong>pag.</strong></span> <span class='ocrx_word' id='word_1_218' title='bbox 1268 2699 1321 2747; x_wconf 74' lang='grc'><strong>346.</strong></span> 
     </span>
     <span class='ocr_line' id='line_1_25' title="bbox 220 2771 1324 2834; baseline 0.002 -14"><span class='ocrx_word' id='word_1_219' title='bbox 220 2774 334 2830; x_wconf 68' lang='lat' dir='ltr'><strong>conditur,</strong></span> <span class='ocrx_word' id='word_1_220' title='bbox 336 2775 493 2833; x_wconf 71' lang='lat' dir='ltr'><strong>potiusquam</strong></span> <span class='ocrx_word' id='word_1_221' title='bbox 499 2774 746 2818; x_wconf 77' lang='lat' dir='ltr'><strong>moritameerwotur.</strong></span> <span class='ocrx_word' id='word_1_222' title='bbox 794 2771 863 2819; x_wconf 78' lang='lat' dir='ltr'><strong>Edit.</strong></span> <span class='ocrx_word' id='word_1_223' title='bbox 876 2772 955 2820; x_wconf 81' lang='lat' dir='ltr'><strong>Olear.</strong></span> <span class='ocrx_word' id='word_1_224' title='bbox 972 2773 1105 2834; x_wconf 88' lang='lat' dir='ltr'><strong>Ubi(qnod</strong></span> <span class='ocrx_word' id='word_1_225' title='bbox 1114 2773 1192 2819; x_wconf 87' lang='lat' dir='ltr'><strong>obiter</strong></span> <span class='ocrx_word' id='word_1_226' title='bbox 1198 2775 1324 2822; x_wconf 75' lang='lat' dir='ltr'><strong>observare</strong></span> 
     </span>
     <span class='ocr_line' id='line_1_26' title="bbox 221 2845 1323 2908; baseline -0.002 -13"><span class='ocrx_word' id='word_1_227' title='bbox 221 2848 292 2908; x_wconf 88' lang='lat' dir='ltr'><strong>(Cep.</strong></span> <span class='ocrx_word' id='word_1_228' title='bbox 302 2847 340 2896; x_wconf 81' lang='lat'><strong>26.</strong></span> <span class='ocrx_word' id='word_1_229' title='bbox 351 2862 406 2907; x_wconf 80' lang='lat' dir='ltr'><strong>pag.</strong></span> <span class='ocrx_word' id='word_1_230' title='bbox 421 2848 457 2896; x_wconf 81' lang='lat'><strong>75.</strong></span> <span class='ocrx_word' id='word_1_231' title='bbox 472 2847 541 2894; x_wconf 77' lang='lat' dir='ltr'><strong>Edit</strong></span> <span class='ocrx_word' id='word_1_232' title='bbox 560 2846 670 2904; x_wconf 71' lang='lat' dir='ltr'><strong>Vulcani</strong></span> <span class='ocrx_word' id='word_1_233' title='bbox 687 2847 745 2891; x_wconf 83' lang='lat' dir='ltr'><strong>Eam</strong></span> <span class='ocrx_word' id='word_1_234' title='bbox 794 2845 1033 2905; x_wconf 82' lang='lat' dir='ltr'><strong>liceat)lucnlentum</strong></span> <span class='ocrx_word' id='word_1_235' title='bbox 1043 2848 1177 2908; x_wconf 84' lang='lat' dir='ltr'><strong>exemplum</strong></span> <span class='ocrx_word' id='word_1_236' title='bbox 1188 2848 1323 2907; x_wconf 84' lang='lat' dir='ltr'><strong>cetloqnu-</strong></span> 
     </span>
     <span class='ocr_line' id='line_1_27' title="bbox 219 2916 1323 2981; baseline 0.003 -16"><span class='ocrx_word' id='word_1_237' title='bbox 219 2920 332 2979; x_wconf 79' lang='lat' dir='ltr'><strong>legemwr</strong></span> <span class='ocrx_word' id='word_1_238' title='bbox 309 2919 378 2963; x_wconf 85' lang='lat' dir='ltr'><strong>deo</strong></span> <span class='ocrx_word' id='word_1_239' title='bbox 386 2922 411 2962; x_wconf 87' lang='lat' dir='ltr'><strong>et</strong></span> <span class='ocrx_word' id='word_1_240' title='bbox 420 2918 485 2976; x_wconf 90' lang='lat' dir='ltr'><strong>apud</strong></span> <span class='ocrx_word' id='word_1_241' title='bbox 495 2917 633 2962; x_wconf 81' lang='lat' dir='ltr'><strong>Mencanos</strong></span> <span class='ocrx_word' id='word_1_242' title='bbox 640 2916 720 2962; x_wconf 75' lang='lat' dir='ltr'><strong>fuisse</strong></span> <span class='ocrx_word' id='word_1_243' title='bbox 794 2919 867 2965; x_wconf 78' lang='lat' dir='ltr'><strong>tionis</strong></span> <span class='ocrx_word' id='word_1_244' title='bbox 881 2919 915 2979; x_wconf 78' lang='grc' dir='ltr'>μιῑ</span> <span class='ocrx_word' id='word_1_245' title='bbox 931 2920 1139 2980; x_wconf 75' lang='grc' dir='ltr'>ἐπιστρέφεσθαι,</span> <span class='ocrx_word' id='word_1_246' title='bbox 1157 2935 1202 2981; x_wconf 88' lang='lat' dir='ltr'><strong>pro</strong></span> <span class='ocrx_word' id='word_1_247' title='bbox 1216 2935 1263 2966; x_wconf 89' lang='grc' dir='ltr'>ιιοιι</span> <span class='ocrx_word' id='word_1_248' title='bbox 1282 2935 1323 2968; x_wconf 78' lang='lat' dir='ltr'><strong>cu·</strong></span> 
     </span>
    </p>

    <p class='ocr_par' dir='ltr' id='par_1_9' title="bbox 237 2987 1323 3130">
     <span class='ocr_line' id='line_1_28' title="bbox 264 2987 1322 3055; baseline 0.005 -19.121"><span class='ocrx_word' id='word_1_249' title='bbox 264 2991 356 3036; x_wconf 77' lang='lat' dir='ltr'><strong>³D10it</strong></span> <span class='ocrx_word' id='word_1_250' title='bbox 369 2992 394 3036; x_wconf 88' lang='lat' dir='ltr'><strong>in</strong></span> <span class='ocrx_word' id='word_1_251' title='bbox 409 3005 456 3049; x_wconf 81' lang='lat' dir='ltr'><strong>gen</strong></span> <span class='ocrx_word' id='word_1_252' title='bbox 458 3003 551 3036; x_wconf 76' lang='lat' dir='ltr'><strong>ereasr</strong></span> <span class='ocrx_word' id='word_1_253' title='bbox 523 2989 616 3034; x_wconf 73' lang='grc' dir='ltr'>ιιοοθίδ</span> <span class='ocrx_word' id='word_1_254' title='bbox 618 2987 704 3035; x_wconf 81' lang='grc' dir='ltr'>σθασι</span> <span class='ocrx_word' id='word_1_255' title='bbox 686 2991 745 3037; x_wconf 69' lang='grc' dir='ltr'><strong>τοὺς</strong></span> <span class='ocrx_word' id='word_1_256' title='bbox 793 3006 866 3040; x_wconf 84' lang='lat' dir='ltr'><strong>rare:</strong></span> <span class='ocrx_word' id='word_1_257' title='bbox 891 2995 956 3054; x_wconf 88' lang='lat' dir='ltr'><strong>quod</strong></span> <span class='ocrx_word' id='word_1_258' title='bbox 975 2996 1088 3041; x_wconf 79' lang='lat' dir='ltr'><strong>accedere</strong></span> <span class='ocrx_word' id='word_1_259' title='bbox 1107 2999 1190 3055; x_wconf 85' lang='lat' dir='ltr'><strong>potest</strong></span> <span class='ocrx_word' id='word_1_260' title='bbox 1212 2995 1248 3051; x_wconf 86' lang='lat' dir='ltr'><strong>iis,</strong></span> <span class='ocrx_word' id='word_1_261' title='bbox 1267 3009 1322 3055; x_wconf 80' lang='lat' dir='ltr'><strong>quae</strong></span> 
     </span>
     <span class='ocr_line' id='line_1_29' title="bbox 219 3062 1323 3130; baseline 0.003 -17.05"><span class='ocrx_word' id='word_1_262' title='bbox 219 3068 302 3114; x_wconf 59' lang='lat' dir='ltr'><strong>ebriis</strong></span> <span class='ocrx_word' id='word_1_263' title='bbox 310 3066 494 3124; x_wconf 75' lang='lat' dir='ltr'><strong>.additque,x</strong></span> <span class='ocrx_word' id='word_1_264' title='bbox 495 3062 555 3110; x_wconf 79' lang='lat' dir='ltr'><strong>adi</strong></span> <span class='ocrx_word' id='word_1_265' title='bbox 556 3063 636 3121; x_wconf 75' lang='grc' dir='ltr'>ναπθρ</span> <span class='ocrx_word' id='word_1_266' title='bbox 637 3064 674 3109; x_wconf 76' lang='grc' dir='ltr'><strong>σοι</strong></span> <span class='ocrx_word' id='word_1_267' title='bbox 676 3064 745 3111; x_wconf 82' lang='grc' dir='ltr'>σθέν-</span> <span class='ocrx_word' id='word_1_268' title='bbox 792 3067 865 3128; x_wconf 86' lang='lat' dir='ltr'><strong>plens</strong></span> <span class='ocrx_word' id='word_1_269' title='bbox 879 3083 952 3116; x_wconf 83' lang='lat' dir='ltr'><strong>manu</strong></span> <span class='ocrx_word' id='word_1_270' title='bbox 961 3071 1081 3130; x_wconf 78' lang='lat' dir='ltr'><strong>congessit</strong></span> <span class='ocrx_word' id='word_1_271' title='bbox 1092 3070 1243 3118; x_wconf 77' lang='lat' dir='ltr'><strong>clarissimus</strong></span> <span class='ocrx_word' id='word_1_272' title='bbox 1253 3069 1323 3117; x_wconf 79' lang='lat' dir='ltr'><strong>Can·</strong></span> 
     </span>
    </p>

    <p class='ocr_par' dir='ltr' id='par_1_10' title="bbox 218 3136 1323 3279">
     <span class='ocr_line' id='line_1_30' title="bbox 218 3136 1323 3205; baseline 0.008 -20.516"><span class='ocrx_word' id='word_1_273' title='bbox 218 3138 376 3197; x_wconf 65' lang='lat' dir='ltr'><strong>marjin</strong></span> <span class='ocrx_word' id='word_1_274' title='bbox 347 3155 440 3196; x_wconf 80' lang='grc' dir='ltr'>πιστρι</span> <span class='ocrx_word' id='word_1_275' title='bbox 435 3137 524 3197; x_wconf 78' lang='grc' dir='ltr'>ἰσφ</span> <span class='ocrx_word' id='word_1_276' title='bbox 464 3136 524 3184; x_wconf 81' lang='grc' dir='ltr'>ισσθ</span> <span class='ocrx_word' id='word_1_277' title='bbox 527 3136 682 3196; x_wconf 54' lang='lat' dir='ltr'><strong>coruscae</strong></span> <span class='ocrx_word' id='word_1_278' title='bbox 691 3140 745 3197; x_wconf 78' lang='lat' dir='ltr'><strong>quis</strong></span> <span class='ocrx_word' id='word_1_279' title='bbox 793 3155 877 3201; x_wconf 76' lang='lat' dir='ltr'><strong>nicus,</strong></span> <span class='ocrx_word' id='word_1_280' title='bbox 893 3145 924 3191; x_wconf 81' lang='lat' dir='ltr'><strong>ud</strong></span> <span class='ocrx_word' id='word_1_281' title='bbox 942 3145 1108 3205; x_wconf 83' lang='lat' dir='ltr'><strong>explicandum</strong></span> <span class='ocrx_word' id='word_1_282' title='bbox 1122 3146 1155 3192; x_wconf 78' lang='grc' dir='ltr'>σθ</span> <span class='ocrx_word' id='word_1_283' title='bbox 1174 3145 1323 3193; x_wconf 78' lang='lat' dir='ltr'><strong>Ocutoc‘rre·</strong></span> 
     </span>
     <span class='ocr_line' id='line_1_31' title="bbox 218 3210 1322 3279; baseline 0.008 -19"><span class='ocrx_word' id='word_1_284' title='bbox 218 3227 248 3260; x_wconf 74' lang='lat' dir='ltr'><strong>ex</strong></span> <span class='ocrx_word' id='word_1_285' title='bbox 257 3213 307 3260; x_wconf 72' lang='lat' dir='ltr'><strong>cuis</strong></span> <span class='ocrx_word' id='word_1_286' title='bbox 316 3213 342 3258; x_wconf 83' lang='grc' dir='ltr'>ι’νι</span> <span class='ocrx_word' id='word_1_287' title='bbox 350 3213 482 3259; x_wconf 69' lang='lat' dir='ltr'><strong>servitum</strong></span> <span class='ocrx_word' id='word_1_288' title='bbox 491 3210 622 3271; x_wconf 68' lang='lat' dir='ltr'><strong>redigatur,</strong></span> <span class='ocrx_word' id='word_1_289' title='bbox 632 3225 678 3257; x_wconf 77' lang='lat' dir='ltr'><strong>non</strong></span> <span class='ocrx_word' id='word_1_290' title='bbox 690 3225 745 3258; x_wconf 81' lang='lat' dir='ltr'><strong>con·</strong></span> <span class='ocrx_word' id='word_1_291' title='bbox 792 3222 854 3264; x_wconf 79' lang='lat' dir='ltr'><strong>torto</strong></span> <span class='ocrx_word' id='word_1_292' title='bbox 863 3220 1057 3279; x_wconf 74' lang='lat' dir='ltr'><strong>epectcrel&#39;oiitae</strong></span> <span class='ocrx_word' id='word_1_293' title='bbox 1065 3221 1188 3279; x_wconf 77' lang='lat' dir='ltr'><strong>Venusini,</strong></span> <span class='ocrx_word' id='word_1_294' title='bbox 1196 3221 1250 3270; x_wconf 82' lang='lat' dir='ltr'><strong>Art.</strong></span> <span class='ocrx_word' id='word_1_295' title='bbox 1259 3220 1322 3270; x_wconf 74' lang='lat' dir='ltr'><strong>Cris.</strong></span> 
     </span>
    </p>
   </div>
   <div class='ocr_carea' id='block_1_5' title="bbox 214 3425 1321 4272">
    <p class='ocr_par' dir='ltr' id='par_1_11' title="bbox 215 3425 1321 4093">
     <span class='ocr_line' id='line_1_32' title="bbox 217 3425 1320 3501; baseline 0.006 -21"><span class='ocrx_word' id='word_1_296' title='bbox 217 3426 264 3482; x_wconf 83' lang='lat' dir='ltr'><strong>for</strong></span> <span class='ocrx_word' id='word_1_297' title='bbox 277 3426 352 3491; x_wconf 79' lang='lat' dir='ltr'><strong>him3</strong></span> <span class='ocrx_word' id='word_1_298' title='bbox 374 3425 465 3482; x_wconf 82' lang='lat' dir='ltr'><strong>which</strong></span> <span class='ocrx_word' id='word_1_299' title='bbox 479 3443 597 3499; x_wconf 80' lang='lat' dir='ltr'><strong>appears</strong></span> <span class='ocrx_word' id='word_1_300' title='bbox 615 3433 645 3482; x_wconf 89' lang='lat' dir='ltr'><strong>to</strong></span> <span class='ocrx_word' id='word_1_301' title='bbox 663 3426 735 3484; x_wconf 83' lang='lat' dir='ltr'><strong>heve</strong></span> <span class='ocrx_word' id='word_1_302' title='bbox 749 3431 849 3501; x_wconf 89' lang='lat' dir='ltr'><strong>passed</strong></span> <span class='ocrx_word' id='word_1_303' title='bbox 864 3439 894 3488; x_wconf 85' lang='lat' dir='ltr'><strong>to</strong></span> <span class='ocrx_word' id='word_1_304' title='bbox 910 3431 992 3487; x_wconf 87' lang='lat' dir='ltr'><strong>other</strong></span> <span class='ocrx_word' id='word_1_305' title='bbox 1006 3432 1117 3487; x_wconf 84' lang='lat' dir='ltr'><strong>natione</strong></span> <span class='ocrx_word' id='word_1_306' title='bbox 1132 3431 1204 3487; x_wconf 82' lang='lat' dir='ltr'><strong>from</strong></span> <span class='ocrx_word' id='word_1_307' title='bbox 1220 3449 1257 3487; x_wconf 86' lang='lat' dir='ltr'><strong>an</strong></span> <span class='ocrx_word' id='word_1_308' title='bbox 1272 3432 1320 3487; x_wconf 91' lang='lat' dir='ltr'><strong>old</strong></span> 
     </span>
     <span class='ocr_line' id='line_1_33' title="bbox 217 3511 1320 3581; baseline 0.007 -17"><span class='ocrx_word' id='word_1_309' title='bbox 217 3511 270 3564; x_wconf 88' lang='lat' dir='ltr'><strong>law</strong></span> <span class='ocrx_word' id='word_1_310' title='bbox 282 3513 315 3565; x_wconf 85' lang='lat' dir='ltr'><strong>of</strong></span> <span class='ocrx_word' id='word_1_311' title='bbox 327 3512 375 3566; x_wconf 82' lang='lat' dir='ltr'><strong>tho</strong></span> <span class='ocrx_word' id='word_1_312' title='bbox 390 3512 536 3568; x_wconf 87' lang='lat' dir='ltr'><strong>Thebans:</strong></span> <span class='ocrx_word' id='word_1_313' title='bbox 559 3530 590 3567; x_wconf 88' lang='lat' dir='ltr'><strong>as</strong></span> <span class='ocrx_word' id='word_1_314' title='bbox 610 3513 660 3568; x_wconf 90' lang='lat' dir='ltr'><strong>the</strong></span> <span class='ocrx_word' id='word_1_315' title='bbox 674 3514 792 3570; x_wconf 79' lang='lat' dir='ltr'><strong>Theben</strong></span> <span class='ocrx_word' id='word_1_316' title='bbox 810 3517 864 3571; x_wconf 88' lang='lat' dir='ltr'><strong>law</strong></span> <span class='ocrx_word' id='word_1_317' title='bbox 884 3535 964 3572; x_wconf 86' lang='lat' dir='ltr'><strong>come</strong></span> <span class='ocrx_word' id='word_1_318' title='bbox 980 3518 1054 3571; x_wconf 84' lang='lat' dir='ltr'><strong>from</strong></span> <span class='ocrx_word' id='word_1_319' title='bbox 1069 3517 1119 3572; x_wconf 83' lang='lat' dir='ltr'><strong>the</strong></span> <span class='ocrx_word' id='word_1_320' title='bbox 1133 3517 1320 3581; x_wconf 84' lang='lat' dir='ltr'><strong>Phoenicians,</strong></span> 
     </span>
     <span class='ocr_line' id='line_1_34' title="bbox 217 3594 1321 3676; baseline 0.007 -28"><span class='ocrx_word' id='word_1_321' title='bbox 217 3594 274 3649; x_wconf 89' lang='lat' dir='ltr'><strong>and</strong></span> <span class='ocrx_word' id='word_1_322' title='bbox 287 3595 387 3666; x_wconf 88' lang='lat' dir='ltr'><strong>highcr</strong></span> <span class='ocrx_word' id='word_1_323' title='bbox 401 3597 467 3662; x_wconf 86' lang='lat' dir='ltr'><strong>stili,</strong></span> <span class='ocrx_word' id='word_1_324' title='bbox 481 3597 555 3652; x_wconf 83' lang='lat' dir='ltr'><strong>from</strong></span> <span class='ocrx_word' id='word_1_325' title='bbox 569 3598 618 3653; x_wconf 84' lang='lat' dir='ltr'><strong>the</strong></span> <span class='ocrx_word' id='word_1_326' title='bbox 634 3599 767 3656; x_wconf 89' lang='lat' dir='ltr'><strong>Hebrews</strong></span> <span class='ocrx_word' id='word_1_327' title='bbox 782 3600 882 3668; x_wconf 82' lang='lat' dir='ltr'><strong>[Exod.</strong></span> <span class='ocrx_word' id='word_1_328' title='bbox 896 3605 948 3657; x_wconf 84' lang='lat' dir='ltr'><strong>xxi.</strong></span> <span class='ocrx_word' id='word_1_329' title='bbox 963 3607 988 3668; x_wconf 82' lang='lat'><strong>7,</strong></span> <span class='ocrx_word' id='word_1_330' title='bbox 1009 3602 1077 3656; x_wconf 67' lang='lat' dir='ltr'><strong>Aac</strong></span> <span class='ocrx_word' id='word_1_331' title='bbox 1093 3603 1123 3676; x_wconf 79' lang='lat' dir='ltr'><strong>is</strong></span> <span class='ocrx_word' id='word_1_332' title='bbox 1136 3621 1155 3656; x_wconf 87' lang='lat' dir='ltr'><strong>a</strong></span> <span class='ocrx_word' id='word_1_333' title='bbox 1168 3621 1235 3656; x_wconf 78' lang='lat' dir='ltr'><strong>mars</strong></span> <span class='ocrx_word' id='word_1_334' title='bbox 1248 3604 1321 3658; x_wconf 78' lang='lat' dir='ltr'><strong>ebali</strong></span> 
     </span>
     <span class='ocr_line' id='line_1_35' title="bbox 216 3680 1317 3752; baseline 0.007 -18"><span class='ocrx_word' id='word_1_335' title='bbox 216 3680 264 3735; x_wconf 78' lang='lat' dir='ltr'><strong>aeli</strong></span> <span class='ocrx_word' id='word_1_336' title='bbox 280 3681 321 3733; x_wconf 80' lang='lat' dir='ltr'><strong>tie</strong></span> <span class='ocrx_word' id='word_1_337' title='bbox 334 3682 465 3750; x_wconf 69' lang='lat' dir='ltr'><strong>daughter</strong></span> <span class='ocrx_word' id='word_1_338' title='bbox 482 3691 508 3735; x_wconf 83' lang='lat' dir='ltr'><strong>to</strong></span> <span class='ocrx_word' id='word_1_339' title='bbox 526 3685 554 3737; x_wconf 84' lang='lat' dir='ltr'><strong>be</strong></span> <span class='ocrx_word' id='word_1_340' title='bbox 569 3702 588 3736; x_wconf 86' lang='grc' dir='ltr'>α</span> <span class='ocrx_word' id='word_1_341' title='bbox 607 3686 797 3752; x_wconf 59' lang='lat' dir='ltr'><strong>naimonem,</strong></span> <span class='ocrx_word' id='word_1_342' title='bbox 817 3689 867 3742; x_wconf 79' lang='lat' dir='ltr'><strong>&amp;a</strong></span> <span class='ocrx_word' id='word_1_343' title='bbox 904 3688 1042 3743; x_wconf 88' lang='lat' dir='ltr'><strong>Romulus</strong></span> <span class='ocrx_word' id='word_1_344' title='bbox 1062 3687 1145 3742; x_wconf 89' lang='lat' dir='ltr'><strong>made</strong></span> <span class='ocrx_word' id='word_1_345' title='bbox 1167 3687 1216 3743; x_wconf 87' lang='lat' dir='ltr'><strong>tho</strong></span> <span class='ocrx_word' id='word_1_346' title='bbox 1239 3705 1317 3742; x_wconf 89' lang='lat' dir='ltr'><strong>same</strong></span> 
     </span>
     <span class='ocr_line' id='line_1_36' title="bbox 216 3764 1319 3843; baseline 0.009 -26"><span class='ocrx_word' id='word_1_347' title='bbox 216 3765 277 3818; x_wconf 87' lang='lat' dir='ltr'><strong>law.</strong></span> <span class='ocrx_word' id='word_1_348' title='bbox 323 3764 438 3836; x_wconf 74' lang='lat' dir='ltr'><strong>Dionys.</strong></span> <span class='ocrx_word' id='word_1_349' title='bbox 461 3767 552 3823; x_wconf 62' lang='lat' dir='ltr'><strong>Helio·</strong></span> <span class='ocrx_word' id='word_1_350' title='bbox 569 3775 595 3834; x_wconf 78' lang='lat'><strong>2,</strong></span> <span class='ocrx_word' id='word_1_351' title='bbox 613 3774 658 3824; x_wconf 82' lang='lat'><strong>28.</strong></span> <span class='ocrx_word' id='word_1_352' title='bbox 685 3768 859 3843; x_wconf 73' lang='lat' dir='ltr'><strong>Gronovius]</strong></span> <span class='ocrx_word' id='word_1_353' title='bbox 905 3773 967 3828; x_wconf 82' lang='lat' dir='ltr'><strong>The</strong></span> <span class='ocrx_word' id='word_1_354' title='bbox 990 3790 1066 3828; x_wconf 84' lang='lat' dir='ltr'><strong>same</strong></span> <span class='ocrx_word' id='word_1_355' title='bbox 1089 3773 1157 3827; x_wconf 89' lang='lat' dir='ltr'><strong>hcld</strong></span> <span class='ocrx_word' id='word_1_356' title='bbox 1180 3771 1246 3827; x_wconf 88' lang='lat' dir='ltr'><strong>with</strong></span> <span class='ocrx_word' id='word_1_357' title='bbox 1269 3772 1319 3827; x_wconf 83' lang='lat' dir='ltr'><strong>the</strong></span> 
     </span>
     <span class='ocr_line' id='line_1_37' title="bbox 215 3849 1319 3930; baseline 0.006 -26"><span class='ocrx_word' id='word_1_358' title='bbox 215 3849 380 3920; x_wconf 81' lang='lat' dir='ltr'><strong>Phrygioue.</strong></span> <span class='ocrx_word' id='word_1_359' title='bbox 426 3851 573 3908; x_wconf 87' lang='lat' dir='ltr'><strong>Natureis</strong></span> <span class='ocrx_word' id='word_1_360' title='bbox 594 3856 745 3911; x_wconf 83' lang='lat' dir='ltr'><strong>conceived</strong></span> <span class='ocrx_word' id='word_1_361' title='bbox 764 3863 794 3912; x_wconf 86' lang='lat' dir='ltr'><strong>to</strong></span> <span class='ocrx_word' id='word_1_362' title='bbox 815 3860 877 3929; x_wconf 81' lang='lat' dir='ltr'><strong>give</strong></span> <span class='ocrx_word' id='word_1_363' title='bbox 895 3876 913 3912; x_wconf 89' lang='lat' dir='ltr'><strong>a</strong></span> <span class='ocrx_word' id='word_1_364' title='bbox 927 3858 1002 3930; x_wconf 87' lang='lat' dir='ltr'><strong>right</strong></span> <span class='ocrx_word' id='word_1_365' title='bbox 1020 3865 1051 3913; x_wconf 89' lang='lat' dir='ltr'><strong>to</strong></span> <span class='ocrx_word' id='word_1_366' title='bbox 1075 3859 1112 3913; x_wconf 91' lang='lat' dir='ltr'><strong>do</strong></span> <span class='ocrx_word' id='word_1_367' title='bbox 1133 3875 1217 3929; x_wconf 82' lang='lat' dir='ltr'><strong>every</strong></span> <span class='ocrx_word' id='word_1_368' title='bbox 1237 3858 1319 3929; x_wconf 83' lang='lat' dir='ltr'><strong>thing</strong></span> 
     </span>
     <span class='ocr_line' id='line_1_38' title="bbox 215 3933 1318 4013; baseline 0.012 -27"><span class='ocrx_word' id='word_1_369' title='bbox 215 3933 334 3989; x_wconf 84' lang='lat' dir='ltr'><strong>without</strong></span> <span class='ocrx_word' id='word_1_370' title='bbox 349 3935 438 3989; x_wconf 83' lang='lat' dir='ltr'><strong>which</strong></span> <span class='ocrx_word' id='word_1_371' title='bbox 459 3937 521 3992; x_wconf 89' lang='lat' dir='ltr'><strong>that</strong></span> <span class='ocrx_word' id='word_1_372' title='bbox 544 3946 647 3994; x_wconf 86' lang='lat' dir='ltr'><strong>cannot</strong></span> <span class='ocrx_word' id='word_1_373' title='bbox 667 3941 703 3996; x_wconf 90' lang='lat' dir='ltr'><strong>bo</strong></span> <span class='ocrx_word' id='word_1_374' title='bbox 723 3943 857 3998; x_wconf 80' lang='lat' dir='ltr'><strong>obtained</strong></span> <span class='ocrx_word' id='word_1_375' title='bbox 877 3944 967 3999; x_wconf 91' lang='lat' dir='ltr'><strong>which</strong></span> <span class='ocrx_word' id='word_1_376' title='bbox 981 3950 1083 4000; x_wconf 87' lang='lat' dir='ltr'><strong>naturo</strong></span> <span class='ocrx_word' id='word_1_377' title='bbox 1098 3944 1248 3999; x_wconf 85' lang='lat' dir='ltr'><strong>demands:</strong></span> <span class='ocrx_word' id='word_1_378' title='bbox 1276 3940 1318 4013; x_wconf 82' lang='lat' dir='ltr'><strong>[as</strong></span> 
     </span>
     <span class='ocr_line' id='line_1_39' title="bbox 216 4018 653 4093; baseline 0.009 -19"><span class='ocrx_word' id='word_1_379' title='bbox 216 4018 266 4076; x_wconf 85' lang='lat' dir='ltr'><strong>the</strong></span> <span class='ocrx_word' id='word_1_380' title='bbox 281 4026 447 4075; x_wconf 88' lang='lat' dir='ltr'><strong>eustenancc</strong></span> <span class='ocrx_word' id='word_1_381' title='bbox 463 4022 496 4076; x_wconf 81' lang='lat' dir='ltr'><strong>of</strong></span> <span class='ocrx_word' id='word_1_382' title='bbox 504 4019 653 4093; x_wconf 83' lang='lat' dir='ltr'><strong>children]</strong></span> 
     </span>
    </p>

    <p class='ocr_par' dir='ltr' id='par_1_12' title="bbox 214 4105 1319 4272">
     <span class='ocr_line' id='line_1_40' title="bbox 269 4105 1319 4187; baseline 0.009 -28"><span class='ocrx_word' id='word_1_383' title='bbox 269 4107 322 4160; x_wconf 86' lang='lat' dir='ltr'><strong>VI.</strong></span> <span class='ocrx_word' id='word_1_384' title='bbox 366 4106 401 4160; x_wconf 95' lang='lat' dir='ltr'><strong>In</strong></span> <span class='ocrx_word' id='word_1_385' title='bbox 424 4105 473 4161; x_wconf 87' lang='lat' dir='ltr'><strong>the</strong></span> <span class='ocrx_word' id='word_1_386' title='bbox 491 4107 568 4161; x_wconf 87' lang='lat' dir='ltr'><strong>third</strong></span> <span class='ocrx_word' id='word_1_387' title='bbox 587 4110 693 4180; x_wconf 88' lang='lat' dir='ltr'><strong>period,</strong></span> <span class='ocrx_word' id='word_1_388' title='bbox 717 4110 767 4169; x_wconf 92' lang='lat' dir='ltr'><strong>the</strong></span> <span class='ocrx_word' id='word_1_389' title='bbox 781 4130 832 4169; x_wconf 90' lang='lat' dir='ltr'><strong>son</strong></span> <span class='ocrx_word' id='word_1_390' title='bbox 852 4115 875 4169; x_wconf 92' lang='lat' dir='ltr'><strong>is</strong></span> <span class='ocrx_word' id='word_1_391' title='bbox 897 4114 1088 4185; x_wconf 88' lang='lat' dir='ltr'><strong>independent</strong></span> <span class='ocrx_word' id='word_1_392' title='bbox 1103 4115 1159 4168; x_wconf 87' lang='lat' dir='ltr'><strong>and</strong></span> <span class='ocrx_word' id='word_1_393' title='bbox 1179 4115 1223 4169; x_wconf 78' lang='lat' dir='ltr'><strong>eui</strong></span> <span class='ocrx_word' id='word_1_394' title='bbox 1235 4115 1319 4187; x_wconf 77' lang='lat' dir='ltr'><strong>juris,</strong></span> 
     </span>
     <span class='ocr_line' id='line_1_41' title="bbox 214 4190 1319 4272; baseline 0.006 -26"><span class='ocrx_word' id='word_1_395' title='bbox 214 4190 265 4247; x_wconf 89' lang='lat' dir='ltr'><strong>the</strong></span> <span class='ocrx_word' id='word_1_396' title='bbox 279 4191 349 4265; x_wconf 84' lang='lat' dir='ltr'><strong>duty</strong></span> <span class='ocrx_word' id='word_1_397' title='bbox 363 4192 397 4246; x_wconf 81' lang='lat' dir='ltr'><strong>of</strong></span> <span class='ocrx_word' id='word_1_398' title='bbox 412 4192 491 4264; x_wconf 86' lang='lat' dir='ltr'><strong>picty</strong></span> <span class='ocrx_word' id='word_1_399' title='bbox 505 4193 561 4246; x_wconf 85' lang='lat' dir='ltr'><strong>and</strong></span> <span class='ocrx_word' id='word_1_400' title='bbox 579 4210 729 4252; x_wconf 81' lang='lat' dir='ltr'><strong>reverence</strong></span> <span class='ocrx_word' id='word_1_401' title='bbox 748 4199 806 4253; x_wconf 83' lang='lat' dir='ltr'><strong>still</strong></span> <span class='ocrx_word' id='word_1_402' title='bbox 820 4201 987 4270; x_wconf 87' lang='lat' dir='ltr'><strong>remaining,</strong></span> <span class='ocrx_word' id='word_1_403' title='bbox 1001 4216 1031 4255; x_wconf 85' lang='lat' dir='ltr'><strong>as</strong></span> <span class='ocrx_word' id='word_1_404' title='bbox 1049 4201 1086 4255; x_wconf 88' lang='lat' dir='ltr'><strong>ite</strong></span> <span class='ocrx_word' id='word_1_405' title='bbox 1105 4200 1230 4255; x_wconf 85' lang='lat' dir='ltr'><strong>caussis</strong></span> <span class='ocrx_word' id='word_1_406' title='bbox 1252 4217 1319 4272; x_wconf 90' lang='lat' dir='ltr'><strong>pcr-</strong></span> 
     </span>
    </p>
   </div>
   <div class='ocr_carea' id='block_1_6' title="bbox 213 4276 1319 4435">
    <p class='ocr_par' dir='ltr' id='par_1_13' title="bbox 213 4276 1319 4435">
     <span class='ocr_line' id='line_1_42' title="bbox 213 4276 1319 4357; baseline 0.008 -25"><span class='ocrx_word' id='word_1_407' title='bbox 213 4277 319 4348; x_wconf 79' lang='lat' dir='ltr'><strong>potuai</strong></span> <span class='ocrx_word' id='word_1_408' title='bbox 356 4276 481 4333; x_wconf 86' lang='lat' dir='ltr'><strong>thnce</strong></span> <span class='ocrx_word' id='word_1_409' title='bbox 493 4279 517 4332; x_wconf 88' lang='lat' dir='ltr'><strong>it</strong></span> <span class='ocrx_word' id='word_1_410' title='bbox 528 4278 634 4334; x_wconf 78' lang='lat' dir='ltr'><strong>follows</strong></span> <span class='ocrx_word' id='word_1_411' title='bbox 647 4280 710 4337; x_wconf 85' lang='lat' dir='ltr'><strong>that</strong></span> <span class='ocrx_word' id='word_1_412' title='bbox 723 4281 772 4339; x_wconf 91' lang='lat' dir='ltr'><strong>the</strong></span> <span class='ocrx_word' id='word_1_413' title='bbox 784 4289 843 4341; x_wconf 86' lang='lat' dir='ltr'><strong>acts</strong></span> <span class='ocrx_word' id='word_1_414' title='bbox 856 4285 888 4340; x_wconf 80' lang='lat' dir='ltr'><strong>of</strong></span> <span class='ocrx_word' id='word_1_415' title='bbox 896 4286 977 4357; x_wconf 81' lang='lat' dir='ltr'><strong>hinge</strong></span> <span class='ocrx_word' id='word_1_416' title='bbox 989 4302 1038 4341; x_wconf 87' lang='lat' dir='ltr'><strong>ero</strong></span> <span class='ocrx_word' id='word_1_417' title='bbox 1052 4291 1103 4342; x_wconf 92' lang='lat' dir='ltr'><strong>not</strong></span> <span class='ocrx_word' id='word_1_418' title='bbox 1118 4285 1182 4341; x_wconf 85' lang='lat' dir='ltr'><strong>void</strong></span> <span class='ocrx_word' id='word_1_419' title='bbox 1196 4286 1319 4341; x_wconf 84' lang='lat' dir='ltr'><strong>because</strong></span> 
     </span>
     <span class='ocr_line' id='line_1_43' title="bbox 214 4362 592 4435; baseline 0.008 -17"><span class='ocrx_word' id='word_1_420' title='bbox 214 4362 283 4434; x_wconf 82' lang='lat' dir='ltr'><strong>they</strong></span> <span class='ocrx_word' id='word_1_421' title='bbox 298 4362 369 4418; x_wconf 79' lang='lat' dir='ltr'><strong>hero</strong></span> <span class='ocrx_word' id='word_1_422' title='bbox 383 4369 497 4435; x_wconf 86' lang='lat' dir='ltr'><strong>parents</strong></span> <span class='ocrx_word' id='word_1_423' title='bbox 511 4363 592 4421; x_wconf 84' lang='lat' dir='ltr'><strong>alive.</strong></span> 
     </span>
    </p>
   </div>
   <div class='ocr_carea' id='block_1_7' title="bbox 0 0 1438 4906">
    <p class='ocr_par' dir='ltr' id='par_1_14' title="bbox 0 0 1438 4906">
     <span class='ocr_line' id='line_1_44' title="bbox 0 0 1438 4906; baseline 0 4"><span class='ocrx_word' id='word_1_424' title='bbox 0 0 1438 4906; x_wconf 95' lang='lat' dir='ltr'><strong> </strong></span> 
     </span>
    </p>
   </div>
  </div>
 </body>
</html>
