2866 4906
129 259 197 322 (lar.
210 261 265 331 Π.]
322 260 377 318 AN
398 260 575 317 Buuusuu
596 260 765 329 UNQUAM
786 262 941 320 «IUSTUM
963 264 1033 319 clu.
1186 256 1225 319 el

130 434 248 499 Seneca
268 440 359 518 pater
375 431 456 496 hanc
472 429 656 497 sententiam
673 429 717 496 sic
733 430 855 497 retulit:
871 433 1066 499 Jmterima
1073 435 1229 518 potiendi

129 536 206 609 cicc,
224 533 309 614 cuod
326 531 459 614 quiaque
483 533 590 596 aliem
611 532 808 615 eucops'tacit
826 533 997 617 supplicio,
1023 535 1144 617 excipit
1160 555 1227 598 esso.

129 633 179 695 Ex
195 630 288 717 hujus
304 629 456 696 naturalis
471 628 625 715 oeqmtatie
642 649 734 694 sensu
748 628 827 694 Cain
844 629 1001 715 parricidii
1015 629 1073 696 sibi
1089 630 1229 696 conscius

130 730 262 805 dhcrat,
289 729 370 795 Gen.
388 728 429 792 iv.
453 729 505 792 14.
529 730 587 811 qui
610 730 751 793 inveniet
778 750 837 804 me,
861 730 1030 812 interficiet
1054 752 1111 795 me.
1164 729 1230 796 Sed

130 831 217 895 Deus
235 826 344 916 primis
359 825 420 892 illis
439 818 631 913 temporibus
651 834 708 892 aut
728 826 768 892 ob
791 826 949 891 hominum
972 827 1146 907 raritatem,
1173 838 1230 894 aut

130 927 203 1014 quia
217 925 324 1014 paucis
339 925 441 991 adhuc
462 924 676 1012 grassantibus
701 924 801 992 minus
824 947 901 1012 opus
924 934 995 991 crat
1016 926 1169 1013 exemplo,
1194 927 1229 993 id

131 1026 214 1112 quod
238 1023 425 1092 naturaliter
453 1023 570 1090 licitum
596 1024 762 1090 videbatur
791 1024 892 1090 edicto
915 1025 1074 1111 repressit,
1102 1034 1136 1092 et
1158 1047 1229 1092 con-

132 1134 248 1191 iectum
276 1122 403 1210 quidem
433 1144 471 1188 ac
503 1123 721 1189 commercium
746 1123 909 1188 homicidae
934 1123 1042 1213 defugi
1063 1124 1170 1201 voluit,
1196 1133 1231 1191 at

133 1224 228 1290 ritum
253 1223 283 1289 ei
306 1243 368 1288 ucu
394 1220 493 1308 eripi3
519 1221 673 1308 quomodo
690 1230 722 1288 ct
744 1222 835 1287 Plato
856 1221 907 1285 ⁷in
923 1221 1045 1309 legibus
1061 1222 1230 1300 constituit,

132 1330 165 1388 ct
186 1322 258 1388 olim
283 1320 316 1386 in
342 1320 466 1386 Graecia
490 1330 673 1408 usurpatum
700 1321 750 1386 his
773 1319 915 1388 versibus
937 1321 1028 1387 dccet
1044 1320 1231 1408 Euripiden

136 1420 258 1508 [Orosi.
273 1441 302 1487 r.
316 1421 391 1498 511,
409 1417 509 1506 seqq]

244 1592 252 1609 .
306 1553 397 1608 Καλῶα
417 1550 506 1606 idme
522 1553 603 1606 rutro
619 1551 728 1624 πατέρες
749 1555 775 1607 ol
795 1551 884 1607 πάλαι·

303 1634 348 1693 ale
365 1634 486 1707 ὀμρᾶτων
506 1637 553 1706 μὲν
575 1635 639 1709 ὄψιν
660 1638 705 1692 οὖν
727 1635 786 1693 εἴων
802 1642 891 1710 ereptis,

305 1721 366 1777 Οὐδ’
384 1723 421 1780 sls
441 1720 574 1792 drudorum,
592 1722 621 1779 ds
640 1734 680 1780 τις
701 1719 753 1793 αἶρ’
775 1726 844 1796 ἔχων
861 1728 940 1795 nupsi.

304 1811 418 1880 θνγαῖσι
439 1807 462 1863 δ’
480 1809 579 1874 colom
600 1807 792 1865 ἆνταποκτιῐναι
813 1811 842 1866 δι’
862 1808 907 1880 μή.

306 1913 399 1975 Quam
410 1910 483 1967 bone
497 1917 648 1983 parentum
661 1913 778 1983 provida
791 1920 859 1970 artas
872 1920 1018 1982 statuerat,

303 1997 346 2052 Ut
359 2003 509 2068 cogeretur
522 1997 559 2053 de
572 1998 619 2052 ria
632 1998 778 2063 decedere,

306 2081 515 2154 Hominumque
528 2084 591 2138 risu
605 2083 681 2139 coede
694 2090 807 2156 patrata
819 2100 932 2150 nocens,

305 2167 440 2240 Fugaque
453 2168 546 2224 lueret
560 2169 649 2235 triete,
663 2185 720 2224 non
734 2169 822 2236 letho,
834 2171 941 2226 scelus!

138 2293 206 2370 Quo
222 2289 348 2357 utillud
365 2290 501 2378 pertinet
517 2292 730 2380 Thucydidis:
753 2289 834 2364 eixde
858 2287 1018 2360 τοπᾶλαι
1030 2297 1098 2361 τῶν
1113 2297 1232 2383 μαγίσ-
1245 2323 1327 2364 maus
1337 2322 1386 2372 sss

136 2420 201 2459 των
224 2382 432 2472 ἀδικημάτων
456 2388 691 2484 μαλακωτέρας
715 2392 845 2458 κεῖσθαι
870 2387 973 2462 adroic
1000 2387 1076 2476 (reio
1091 2388 1232 2485 ζημίας),

138 2484 433 2582 παραβαινομένων
450 2483 486 2556 dd
511 2493 560 2578 τῷ
585 2484 694 2582 χρόνῳ
714 2491 757 2561 εἷς
781 2484 843 2556 τᾶν
869 2481 1013 2558 θᾶναταν
1044 2490 1078 2559 αἱ
1107 2496 1233 2560 πολλαὶ

137 2586 298 2671 ἀνήκουσι.
354 2590 514 2657 &micilo
543 2602 589 2655 eet
621 2590 805 2674 aauqaitue
829 2592 977 2672 quumvis
1001 2591 1157 2675 pravium
1182 2593 1236 2656 dc·

138 2690 288 2755 lictorum
316 2680 412 2754 1ἱαναι
426 2689 537 2773 jaieae
553 2710 691 2774 poeuoe:
718 2689 774 2754 red
800 2710 873 2754 cum
897 2710 942 2754 αα
960 2711 1138 2775 ρναρναιιν
1161 2701 1237 2755 tera·

132 2790 227 2874 posia
242 2799 522 2863 contemnerentur,
540 2799 668 2853 centum
685 2789 731 2852 ad
747 2799 888 2854 mortem.
919 2786 1118 2854 Lactantius:
1143 2789 1238 2854 8Αιί-
1250 2812 1346 2898 m

137 2978 206 3024 brnm
227 2976 372 3024 secundamr
390 2976 460 3037 (vers.
475 2976 537 3034 229).
567 2975 664 3036 Expers·
711 2975 830 3023 H'utorioe
839 2975 976 3034 Naturalis,
988 2975 1042 3023 Lib.
1057 2989 1107 3025 vn.
1123 2992 1178 3039 cap.
1191 2978 1237 3027 lsi:

136 3053 209 3099 dere:
224 3057 325 3099 trum
334 3057 367 3098 ost
376 3067 393 3098 α
400 3052 521 3112 pseusuioe:
533 3065 588 3097 ιιαιιι
597 3050 665 3110 opud
712 3051 816 3112 primum
832 3052 917 3112 ospitis
933 3053 1051 3112 judicium
1066 3052 1092 3099 in
1108 3053 1239 3115 Areopago

138 3127 240 3184 sonjons
252 3127 406 3186 pecuniarios
417 3140 501 3186 ponas
517 3130 608 3172 constat
615 3125 662 3184 fir·
712 3138 764 3171 esse
774 3131 863 3173 actum.

138 3201 191 3258 isse,
210 3214 263 3247 cass
284 3200 364 3247 adhuc
387 3200 445 3246 rudi
468 3204 538 3245 oeiuic
558 3199 663 3258 pecuaria
757 3198 860 3246 'heus
874 3201 1161 3262 estIust.Dio.csp.10,
1176 3217 1240 3250 num·

134 3274 317 3334 ponderaretur,
335 3273 399 3335 quod
413 3272 448 3319 ad
467 3272 554 3332 eapitis
568 3285 664 3332 ραιιαια
712 3275 751 3323 23.
772 3275 814 3320 ubi
832 3275 914 3334 agitur
934 3275 965 3321 da
984 3276 1122 3333 Exsulibus,
1146 3277 1240 3335 quibus,

138 3347 222 3394 deinde
247 3353 385 3407 ιιιιινραιννι
405 3352 446 3394 cai.
487 3345 528 3393 ad
553 3352 663 3392 sextum:
711 3348 777 3409 apud
788 3352 879 3393 veteres
889 3349 1018 3404 Romarm,
1027 3347 1080 3407 igni
1089 3351 1115 3393 et
1128 3361 1191 3408 aqua
1202 3349 1240 3414 inf

139 3423 213 3481 (vers.
223 3425 277 3482 20).
300 3423 422 3470 Perdere:
440 3425 663 3481 craeosmasape·
712 3423 882 3471 terdicabatur.
907 3421 978 3470 J.13.

139 3500 251 3546 maioeiu
262 3498 417 3546 mune,
434 3497 555 3542 Memorat
564 3495 665 3552 Plinius,

140 3744 222 3800 stood
230 3762 261 3799 aa
269 3745 413 3817 including
424 3745 593 3819 criminality
603 3749 634 3800 in
644 3746 693 3800 the
705 3751 762 3800 act:
778 3761 809 3800 as
821 3745 870 3801 the
881 3744 959 3800 word
970 3744 1097 3800 homicide
1108 3745 1175 3802 dces
1190 3752 1243 3801 not

143 3833 224 3884 mean
238 3848 294 3902 αιιρ
307 3830 407 3902 killing
421 3832 454 3886 oi
464 3849 482 3886 a
496 3849 571 3898 man,
585 3833 638 3887 but
652 3831 701 3886 the
715 3831 884 3886 intentioual
897 3831 997 3903 killiug
1013 3830 1047 3885 of
1057 3848 1095 3886 an
1109 3832 1243 3888 innocent

140 3931 215 3969 man.
250 3915 372 3972 thtia
386 3916 486 3982 added,
501 3919 541 3973 tie
552 3919 630 3972 blood
642 3917 713 3971 alell
726 3919 755 3972 bc
768 3918 831 3971 sled
849 3918 879 3971 in
892 3923 967 3982 turn,
977 3933 1096 3989 appears
1108 3921 1138 3972 to
1151 3934 1197 3973 me
1211 3924 1242 3972 to

141 3998 237 4072 imply,
248 4007 300 4057 not
311 4002 361 4057 the
372 4018 450 4057 mere
461 4001 529 4068 iact,
541 4003 593 4058 but
604 4003 654 4058 the
665 4003 733 4057 Lau
744 4002 778 4057 of
782 4002 895 4073 justice.

199 4091 217 4142 3
238 4087 289 4159 My
303 4087 531 4159 explanationes
550 4088 600 4143 the
613 4093 717 4143 matter
730 4088 754 4142 ia
769 4088 833 4144 this.
865 4090 894 4143 It
909 4088 932 4143 ie
944 4087 1086 4160 naturally
1100 4085 1243 4158 equitable

143 4168 205 4226 that
225 4171 368 4227 whatever
388 4173 443 4227 evil
464 4191 520 4245 any
533 4191 587 4229 ono
608 4172 659 4228 has
674 4173 807 4238 inflicted,
828 4173 877 4229 the
899 4190 976 4230 same
996 4173 1034 4228 hc
1055 4173 1125 4228 shall
1149 4173 1244 4236 suffer,

144 4257 293 4327 according
306 4263 338 4311 to
353 4256 427 4312 what
441 4259 465 4314 is
481 4259 571 4315 called
586 4259 635 4313 the
653 4260 720 4313 Lau
744 4259 776 4314 of
787 4258 1029 4314 Rhadamanthus.
1064 4260 1102 4313 Sc
1124 4258 1242 4312 Seneca.

145 4339 222 4403 (lain,
236 4340 305 4396 with
320 4358 339 4395 a
349 4357 429 4397 sense
444 4343 478 4399 of
488 4344 544 4399 this
559 4344 671 4398 natural
686 4345 782 4417 cquity
797 4346 858 4400 said
870 4344 955 4414 (Gen.
968 4344 1004 4398 iv.
1020 4341 1076 4411 14),
1090 4343 1181 4412 Every
1196 4356 1245 4394 oue

144 4424 310 4498 tictfiadetd
319 4443 363 4482 cte
372 4427 441 4484 sicil
451 4430 512 4502 eloy
523 4447 571 4487 ms.
595 4431 631 4484 In
642 4429 691 4486 the
702 4431 815 4488 earliest
825 4432 917 4498 times,
927 4430 1065 4495 however,
1076 4429 1122 4484 ior
1132 4426 1244 4483 various
