2866 4906
233 149 297 216 196
542 163 595 218 nu
617 161 742 219 annuo
765 158 1021 220 suanmoauu
1218 163 1293 233 [un.
1307 161 1331 217 1.

311 327 332 389 2
372 324 517 392 Profecto
540 327 723 416 gravissima
748 348 818 393 cum
845 325 887 392 sit
916 323 1108 404 deliberatio,
1133 325 1263 392 libertas
1292 346 1335 391 au

72 434 165 475 Mb·
174 433 205 478 ο7·
235 445 300 511 pax
314 424 445 512 placeat,
463 435 499 492 ut
520 426 646 493 Tacitus
670 425 826 513 loquitur.
852 434 885 491 et
901 425 1110 491 difficillimum
1127 425 1186 490 boc
1203 421 1335 502 σκέμμα

72 537 215 633 fflffi
237 520 412 592 πολιτικὸν
441 525 649 602 Ciceroni,
622 556 650 594 ει
676 520 926 618 τυραννουμένης
956 526 1017 605 τῆς
1042 516 1200 610 πατρίδος
1231 524 1335 593 παντὶ

236 619 355 715 τρόπῳ
366 616 557 749 τυραννίδος
571 620 755 693 κατάλυσιν
768 621 952 716 πειρατέον,
969 617 1027 712 adr
1043 618 1153 718 με’λλη
1167 617 1216 692 διδ
1231 653 1334 692 τουτο

237 720 314 815 napi
331 725 400 792 τῶν
411 720 533 792 ὅλων
515 754 534 805 η
557 721 653 797 nohis
672 717 876 800 terdonensem
903 725 959 788 Aa
980 746 1053 788 cum
1063 726 1186 810 patria
1202 725 1336 808 illepid-

237 845 288 887 mo
303 824 440 907 imperio
459 826 633 908 premitur,
652 826 832 890 omnimodo
855 825 970 887 danda
995 824 1040 887 sit
1064 844 1165 907 opera
1190 823 1257 905 eius
1281 825 1334 888 de·

237 923 354 997 maadi,
380 924 510 989 etiamsi
535 925 654 990 ciuitas
673 945 743 989 eam
767 924 806 989 ob
828 944 896 989 rem
918 923 955 985 iu
979 943 1138 986 summum
1160 923 1335 987 discrimen

237 1021 433 1086 adduemda
455 1023 529 1088 sit?
559 1044 622 1087 non
644 1021 760 1088 debent
786 1020 909 1109 singuli,
932 1018 1016 1106 quod
1042 1021 1147 1106 populi
1173 1041 1336 1086 commune

236 1125 294 1195 eet,
305 1116 456 1204 judicium
475 1120 515 1187 ad
533 1142 566 1187 ss
583 1143 705 1208 rapere.
759 1120 842 1185 lllud
859 1140 935 1184 vero
951 1118 1069 1206 plane
1060 1119 1219 1205 iniquum.

429 1238 632 1296 ‘¹Detrahimus
646 1242 774 1326 dominos
788 1240 851 1295 urbi
865 1239 969 1294 serviro
983 1243 1098 1309 parata.

71 1348 179 1443 Aw-
160 1357 204 1387 ee
237 1335 324 1403 Sicut
350 1337 448 1425 Sylla,
474 1338 686 1428 interrogatus
711 1338 786 1425 quid
811 1337 857 1403 ita
881 1345 1019 1402 armatus
1044 1335 1177 1423 patriam
1201 1343 1333 1422 peteret,

236 1436 406 1523 respondit,
432 1432 706 1531 ἐλευθερώσων
684 1435 755 1506 arrd
782 1467 850 1505 των
874 1463 1127 1527 τυραννουντων,
1154 1448 1192 1501 ut
1217 1457 1290 1502 eam
1311 1456 1335 1499 a

238 1537 389 1620 tyranms
413 1538 553 1606 liberem.

312 1636 333 1698 3
370 1634 483 1702 Melius
500 1637 590 1702 Plato
607 1635 737 1724 epistola
752 1636 794 1702 ad
811 1634 990 1701 Perdiccam
1007 1634 1126 1711 suadet,
1140 1632 1226 1721 cujus
1236 1632 1335 1698 verba

168 1732 395 1799 alanne
371 1756 414 1800 sic
436 1734 540 1822 posuit
565 1735 692 1802 Cicero:
726 1740 870 1802 Tantum
892 1737 1133 1801 contenderem
1154 1734 1332 1820 republica,

236 1836 545 1921 quaritumprobare
571 1839 637 1902 tuis
661 1837 790 1901 ciuibus
813 1837 942 1920 poesia:
974 1836 1040 1899 uim
1068 1856 1166 1920 neque
1185 1835 1331 1920 parenti,

234 1954 334 2019 aeque
354 1936 480 2020 patria
505 1937 621 2021 afferri
645 1948 797 2021 oportere.
850 1932 911 2012 Qui
935 1955 1042 1998 seusus
1059 1942 1092 1998 et
1114 1932 1197 2020 apud
1216 1932 1333 1998 Sallus-

71 2047 207 2098 tiana-³
235 2029 313 2097 tium
330 2041 453 2099 exstat:
479 2037 570 2100 Nam
591 2036 771 2121 mquidem
795 2056 902 2119 repere
916 2036 1070 2119 patriam
1091 2042 1153 2097 aut
1170 2043 1331 2116 parentes,

234 2154 427 2218 quanquam
444 2146 474 2200 et
484 2137 602 2220 possis,
623 2146 654 2201 et
669 2136 791 2200 delicta
808 2136 965 2218 corripas,
984 2144 1091 2197 tamea
1107 2134 1332 2216 importunum

233 2243 289 2305 est,
310 2255 384 2298 oum
395 2236 581 2319 prasertim
598 2256 704 2300 onsaes
719 2257 825 2300 rerum
844 2235 1037 2297 mutationes
1052 2232 1179 2308 eadem,
1196 2233 1330 2316 simam,

234 2331 368 2418 aliaque
399 2333 535 2398 hostilia
563 2335 772 2419 portendant.
841 2331 935 2398 Unde
960 2352 1021 2395 non
1047 2329 1140 2417 longe
1164 2330 1231 2395 abit
1255 2329 1333 2394 illud

142 2458 166 2487 a·
235 2429 336 2496 Stallii
358 2430 442 2515 apud
465 2432 668 2497 Plutarchum
694 2432 727 2497 in
752 2432 818 2496 vita
843 2430 954 2496 Bruti:
987 2431 1036 2517 τῷ
1059 2431 1158 2522 σοφῷ
1184 2426 1238 2495 καὶ
1259 2431 1332 2496 νοῦν

233 2522 350 2621 ἔχοντι
374 2523 425 2598 διδ
442 2526 589 2623 φαύλους
612 2529 662 2598 nui
689 2526 848 2611 α’νοῆτους
874 2522 1059 2597 κινδυνεύειν
1084 2533 1135 2594 nai
1161 2522 1332 2619 ταράττε-

234 2630 314 2695 σθαι
330 2625 376 2709 pi
393 2625 562 2708 καθήκειν·
592 2653 717 2716 <equum
734 2653 798 2694 non
817 2652 891 2705 esse,
914 2642 950 2693 ut
973 2630 1026 2693 uir
1045 2629 1195 2713 prudens
1218 2650 1258 2692 ac
1279 2650 1332 2692 sa-

229 2729 326 2811 piens
356 2730 576 2814 improborum
606 2742 636 2794 et
665 2730 890 2814 decipientium
926 2750 1029 2794 cama
1050 2729 1087 2791 ia
1110 2727 1274 2813 pericula,
1302 2739 1332 2791 et

68 2836 192 2920 gemet
236 2829 349 2891 turbas
363 2849 395 2893 se
412 2830 576 2909 conjiciat.
616 2828 688 2892 Huc
705 2836 737 2892 et
753 2827 909 2891 Ambrosii
923 2826 998 2891 illud
1014 2847 1076 2889 nou
1094 2825 1173 2889 male
1189 2826 1330 2890 referas:

234 2926 382 3007 Adjuuat
399 2927 457 2991 boc
474 2948 595 3011 qumque
613 2929 659 2991 ad
669 2928 850 3011 profectum
869 2927 956 2990 bonae
973 2926 1232 3000 continuationis,
1248 2926 1279 2988 si
1292 2927 1331 2990 de

227 3025 373 3106 potentis
389 3026 540 3089 manibus
556 3027 682 3109 eripias
698 3027 832 3110 inopem,
847 3027 887 3091 de
902 3036 1001 3090 morte
1017 3027 1210 3088 damnatum
1224 3046 1342 3098 eruas·

234 3134 391 3205 quantum
411 3125 480 3188 sine
494 3125 740 3208 perturbatione
755 3125 833 3207 fieri
852 3135 959 3209 potest
969 3147 981 3198 ‚·
1007 3145 1046 3188 ne
1067 3125 1238 3187 uideamur
1255 3122 1333 3205 jao-

234 3224 347 3286 taatioe
363 3225 470 3308 mapis
486 3225 604 3308 faeere
623 3245 725 3288 causa
743 3246 841 3308 quam
859 3224 1100 3296 misericordia,
1121 3234 1150 3287 et
1167 3223 1331 3306 praviora

232 3320 354 3405 iry'erre
371 3324 516 3398 uulnera,
534 3325 613 3386 dam
636 3324 810 3387 leuioribus
831 3323 951 3387 mederi
975 3323 1205 3386 desideramus.
1249 3320 1332 3384 Tho-

274 3477 457 3524 tDetrabimus
474 3478 580 3525 domim
598 3479 653 3524 urbi
668 3478 757 3524 seruire
804 3477 897 3537 μένουι.
921 3477 991 3524 Bello
1003 3481 1141 3537 materiam
1150 3475 1263 3534 sumebat,
1274 3476 1331 3520 libe·

226 3551 333 3610 paratae]
368 3553 511 3599 Plutarchus
542 3553 630 3600 Catone
660 3553 757 3610 Majora
805 3565 862 3597 rare
891 3551 995 3607 Gracco,
1021 3549 1137 3596 libertatis
1164 3562 1210 3594 non
1233 3552 1331 3608 cacata.

231 3625 261 3672 dc
269 3626 386 3673 Antiocho
395 3629 505 3688 Moeno:
522 3628 661 3684 incuicare
672 3629 757 3674 αΙτίαν
805 3626 879 3685 (Peg.
890 3627 934 3672 342
945 3625 983 3684 n)

230 3701 289 3747 τοὺς
299 3700 428 3756 Ἕλληνας
447 3701 600 3761 ἐλευθεροῦν,
613 3703 688 3760 μηδὲν
704 3704 756 3749 δεο-

284 3916 301 3962 2
323 3907 459 3963 Whetber
474 3909 576 3982 liberty
588 3926 621 3963 or
635 3926 720 3981 peace
733 3909 769 3963 be
781 3909 883 3971 better,
894 3908 917 3961 is
932 3923 950 3960 a
964 3912 1037 3960 most
1049 3905 1166 3959 difficult
1178 3905 1259 3975 point
1267 3924 1276 3968 ;
1294 3920 1331 3957 on

230 3994 321 4049 which
339 3993 506 4048 individuale
525 3994 613 4065 ought
630 4000 682 4048 not
699 4001 729 4049 to
751 4009 861 4048 maome
879 3992 929 4046 the
947 3993 1025 4045 office
1053 3990 1087 4045 of
1105 3990 1215 4060 judgoa
1264 3985 1332 4058 [See

230 4081 353 4145 Tacitus,
374 4079 481 4143 Cicero,
499 4080 596 4133 Lucan
618 4081 650 4150 (1.
675 4079 750 4146 351),
772 4079 851 4149 Sylla
865 4079 896 4130 in
913 4075 1048 4131 Plutarch
1068 4077 1100 4129 de
1117 4076 1202 4129 Genio
1222 4075 1330 4129 Sacrae.

228 4182 257 4238 p·
271 4161 364 4308 ⁶tilido
381 4251 465 4305 Plato
482 4267 545 4321 says
559 4266 601 4305 we
619 4266 667 4304 are
681 4256 733 4304 not
750 4255 781 4304 to
796 4249 832 4304 do
848 4247 973 4302 violence
991 4253 1022 4301 to
1037 4262 1089 4299 our
1106 4249 1235 4316 country,
1251 4261 1284 4299 or
1300 4250 1331 4300 to

229 4353 282 4392 our
295 4343 419 4410 parenta-
457 4337 495 4391 So
509 4336 622 4397 Sallust
635 4335 780 4397 Plutarch,
795 4333 939 4395 umbroso,
953 4331 1075 4387 Thomas
1087 4331 1220 4401 Aquinas.
