2866 4906
132 229 201 287 Gar.
214 224 254 297 1.]
351 227 404 283 DE
426 227 675 284 DEFBNSIONE
698 227 763 283 SUI
783 228 834 282 ΕΤ
854 227 1004 285 RERUM.
1168 222 1233 291 207

127 392 262 460 sectione
278 389 448 478 periculum
470 389 632 456 inferentis
648 398 722 456 ante
738 389 880 468 diximus,
899 414 968 456 eum
985 414 1025 457 ex
1042 392 1101 458 hac
1119 395 1230 479 specie,

128 502 164 558 ut
197 491 332 556 maxime
369 491 511 577 probate,
546 488 736 555 ostendimus
769 489 884 554 bellum
917 490 1042 576 aliquod
1075 493 1231 578 privatum

123 591 243 677 justum
263 611 330 655 esse
349 611 449 675 posse.
495 589 676 654 Notandum
698 596 746 653 est
766 587 819 673 jus
840 590 899 655 hoc
921 590 1107 655 defensionis
1124 614 1181 678 per
1197 615 1232 660 se

126 712 164 755 ac
180 688 330 777 primario
347 688 432 753 nasci
454 709 493 752 ex
515 710 563 764 eo,
584 688 667 773 quod
688 697 802 752 natura
824 709 977 774 quemque
998 689 1056 754 sibi
1079 713 1231 757 commen-

130 790 195 866 dat,
213 810 276 854 non
293 809 333 853 ex
350 786 499 873 injustitia
515 795 570 852 aut
586 795 713 872 peceato
730 786 867 864 alterius,
885 788 968 852 unde
985 789 1155 875 perieulum
1173 800 1229 857 est

129 890 237 966 Quare
257 886 378 952 etiamsi
400 885 452 950 ille
473 896 599 972 peceato
620 894 734 962 careat,
758 894 836 971 puta
854 888 938 971 quod
963 889 1127 954 bonafide
1151 891 1229 955 mili·
1242 914 1389 1003 pagoque

127 996 183 1064 tet,
204 995 261 1052 aut
282 986 376 1051 alium
397 1006 446 1048 me
465 993 555 1070 putet
574 1007 667 1071 quam
690 984 756 1060 sim,
779 994 834 1049 aut
857 987 940 1070 quod
960 985 1081 1053 insania
1103 998 1159 1054 ant
1183 989 1228 1054 in·
1241 974 1384 1093 ffatim

128 1085 254 1151 somniis
269 1085 418 1173 agitetur,
437 1094 472 1149 ut
489 1084 628 1148 evenisse
643 1083 825 1168 quibusdam
842 1084 984 1171 legimus,
1002 1108 1065 1150 non
1083 1109 1120 1152 eo
1138 1088 1227 1154 tolle·
1240 1057 1380 1186 hiddi}

129 1198 182 1250 tur
193 1183 247 1270 jus
262 1205 297 1249 se
314 1183 430 1258 tuendi,
449 1205 518 1247 cum
539 1181 678 1258 sufficiat,
696 1182 780 1268 quod
797 1205 856 1269 ego
873 1206 935 1248 non
957 1191 1067 1249 teneor
1082 1186 1124 1262 id,
1143 1190 1225 1272 quod
1240 1193 1294 1276 3333
1304 1194 1386 1278 312¹st

129 1284 339 1448 illpaeinttaqnttat,
361 1281 440 1369 pati,
457 1303 520 1346 non
542 1280 641 1369 magis
657 1302 749 1367 quam
775 1281 801 1346 si
824 1282 924 1348 bestia
940 1283 1041 1349 aliena
1056 1285 1226 1370 perieulum
1239 1283 1378 1414 ἒρζξέἒῃτ

130 1405 163 1446 ιιι
196 1405 217 1446 n
267 1404 286 1446 e
1239 1403 1385 1510 asenapa

207 1481 264 1546 IV.
304 1482 323 1544 1
366 1480 416 1545 An
432 1489 465 1546 et
481 1478 668 1556 innocentes,
684 1479 737 1565 qui
754 1480 927 1568 interpositi
945 1481 1153 1550 defensionem
1171 1498 1227 1551 aut
1239 1478 1258 1514 ‘¹'
1269 1467 1325 1516 ¹⁰⁴²

130 1579 246 1667 sugam,
267 1577 333 1646 sine
352 1601 415 1666 qna
437 1580 529 1644 evadi
553 1600 637 1643 mors
661 1602 723 1644 non
743 1590 856 1666 potest,
879 1581 1051 1667 impediunt
1076 1585 1227 1650 transfodi

128 1688 184 1744 ant
207 1677 307 1744 obteri
336 1679 463 1765 possint,
494 1678 681 1764 disputatur.
733 1680 819 1745 ,Sunt
845 1680 898 1766 qui
925 1681 1018 1746 licere
1042 1682 1076 1747 id
1103 1692 1225 1770 putant,
1239 1716 1366 1765 eirena

161 1777 169 1792 ο
399 1777 406 1792 ι
995 1780 1002 1795 .
1109 1784 1116 1797 .
1137 1783 1144 1797 ο
1239 1761 1306 1800 hiat

127 1788 222 1843 etiam
256 1778 418 1866 Theologr.
484 1778 528 1843 Et
560 1786 646 1842 certe
675 1785 819 1843 naturam
851 1780 948 1845 solam
978 1803 1004 1846 ιι
1035 1805 1224 1869 respuemus,
1237 1807 1390 1898 peplrppn.

127 1877 224 1942 multo
241 1877 327 1964 apud
342 1899 409 1942 eam
427 1877 527 1942 minor
551 1885 599 1941 est
619 1876 773 1943 societatis
796 1888 955 1964 respectus
978 1902 1070 1966 quam
1091 1904 1226 1969 propriae
1238 1899 1377 1993 221&th

127 1975 235 2042 salutis
259 1997 345 2042 cura.
391 1977 436 2042 At
456 1976 507 2040 lex
527 1974 706 2051 dilectionis,
731 1978 905 2063 praesertim
925 1981 1133 2068 Evangelicae,
1155 2005 1226 2070 quae
1316 1971 1349 1983 '⁸

126 2076 260 2142 alterum
277 2075 367 2141 nobis
382 2077 508 2162 ⁴aequat,
527 2075 619 2161 plane
635 2074 668 2140 id
684 2098 746 2141 non
763 2077 924 2161 permittit.

202 2178 223 2240 2
267 2175 355 2240 Bene
371 2183 475 2240 autem
497 2174 613 2239 dictum
634 2183 682 2240 est
704 2197 725 2240 a
749 2177 878 2252 Thema,
899 2177 926 2241 si
945 2186 1030 2243 reete
1046 2179 1224 2265 accipiatur,
1237 2212 1352 2258 nasas

126 2273 158 2338 in
182 2295 260 2339 vern
285 2273 461 2339 defensione
485 2273 641 2338 hominem
666 2295 729 2338 non
752 2275 849 2340 occidi
875 2298 913 2339 ex
936 2276 1125 2342 intentione:
1162 2301 1224 2344 non
1237 2259 1308 2300 Μ’

126 2373 209 2459 quod
238 2394 302 2438 non
327 2373 493 2452 interdum,
520 2372 546 2437 si
574 2372 635 2438 alia
658 2373 765 2438 salutis
789 2395 851 2438 non
877 2384 1023 2460 suppetat
1048 2375 1138 2452 ratio,
1162 2400 1225 2442 non

126 2541 247 2602 Josephns
266 2553 334 2587 xrn.
353 2539 461 2600 Antiqua
476 2539 608 2586 Historia:
628 2538 652 2586 ol
700 2539 832 2600 corfiaqere.
865 2541 1066 2602 (Cap.rx.§6.)

125 2615 296 2675 παρελθόντες
312 2614 354 2662 aad
368 2613 403 2673 μή
419 2615 483 2673 πρὸς
499 2613 651 2675 [Legendum
744 2614 812 2660 *Sed
823 2614 864 2659 illu
875 2615 977 2661 alterum
988 2618 1056 2663 nobis
1065 2632 1111 2664 non
1120 2620 1226 2679 praefert,

125 2689 220 2736 ridetur
232 2689 297 2748 πρὸς
309 2687 356 2748 μοὶ]
368 2689 550 2747 διανοουμένους
560 2688 651 2748 ἄρχον·
699 2688 786 2748 utipsc
797 2690 890 2734 Auctor
899 2691 1033 2738 observarit
1048 2707 1128 2753 supra,
1141 2694 1195 2740 Lib.
1207 2709 1225 2743 ι.

126 2763 270 2809 τιοᾶδίκοιν
280 2762 370 2823 ἔργον,
381 2762 404 2808 ol
415 2764 442 2809 δέ
452 2765 516 2808 εἰσιν
526 2763 549 2808 ol
564 2764 650 2822 βιαζό-
700 2777 752 2822 cap.
770 2766 793 2816 3,
812 2762 825 2823 ἓ
842 2766 865 2810 3.
881 2779 945 2811 num.
957 2768 980 2811 3.
1013 2767 1106 2813 ceteris
1121 2770 1226 2828 paribus,

126 2853 196 2896 μενοι
210 2837 252 2884 aral
269 2836 303 2896 μοὶ
318 2836 438 2884 θέλοντος
455 2839 516 2883 τοὺς
532 2837 652 2896 ἀμονομέ-
700 2837 986 2897 sibiqnisqneproximns
997 2846 1042 2887 eat.
1066 2841 1100 2886 Et
1113 2842 1227 2888 heloma-

127 2928 182 2958 aons
198 2911 323 2971 ἐφ’ὅτλα
337 2917 442 2972 χωρεῖν·
471 2911 519 2971 Qui
533 2913 558 2958 ἔοι
575 2913 650 2960 idue·
699 2913 737 2969 gis
756 2912 827 2957 etiam
849 2913 920 2970 valet,
944 2915 1008 2974 quod
1029 2917 1123 2962 Auctor
1142 2923 1227 2977 postea

125 2989 202 3044 munt,
226 2992 253 3033 ut
276 2988 303 3033 r'n
326 2986 388 3032 ninii
414 2987 498 3033 hostile
525 2989 652 3048 copilanter
700 2986 779 3032 adfert
796 3000 809 3033 e
829 2987 919 3034 Thema
935 2989 1061 3049 Aquinate,
1075 2992 1167 3039 calculo
1182 3008 1226 3039 suo

124 3063 237 3110 οἰοὶοιιω
253 3061 359 3121 iverant
374 3076 465 3118 mue,
481 3062 507 3106 la*
527 3068 588 3119 sani,
608 3063 650 3123 qai
699 3061 802 3120 adjecto.
827 3063 890 3109 Vide
904 3064 934 3110 de
948 3071 1000 3111 tota
1014 3067 1058 3112 hae
1073 3069 1174 3115 materia
1189 3070 1227 3116 eui
1305 3062 1308 3066 ’

124 3137 215 3194 moder,
228 3141 314 3198 οοφιιιι
327 3135 363 3182 ad
373 3150 443 3182 arara
457 3142 526 3183 rnna
542 3142 651 3184 taratara
699 3136 774 3196 ipsius
784 3139 935 3197 defensionis,
946 3141 1157 3191 Purannoarruu
1169 3160 1226 3191 nos-

125 3369 228 3425 aoldier
242 3372 336 3443 aeting
350 3374 419 3427 tona
433 3375 509 3446 ftis,-
528 3390 561 3429 or
576 3375 601 3428 if
612 3374 648 3429 he
664 3375 729 3430 take
748 3393 794 3430 me
812 3375 858 3430 for
872 3375 991 3430 another
1005 3376 1074 3429 than
1089 3377 1105 3429 I
1119 3393 1174 3440 am,
1192 3393 1227 3430 or

126 3454 152 3507 if
162 3454 200 3510 he
214 3455 251 3510 be
263 3457 360 3514 insane
374 3475 408 3513 or
419 3475 437 3512 a
454 3461 643 3531 sleepwallrer,
661 3462 729 3516 such
747 3479 777 3516 as
796 3478 837 3515 we
856 3462 923 3515 read
938 3462 985 3525 of3
1004 3462 1026 3515 it
1046 3463 1069 3515 is
1087 3462 1225 3516 sufficient

125 3539 188 3594 that
202 3541 218 3595 I
232 3558 278 3596 am
291 3550 343 3598 not
356 3545 453 3599 bound
468 3552 498 3600 to
513 3547 599 3600 suffer
613 3547 688 3601 what
703 3548 739 3602 he
754 3553 889 3618 attempta
904 3554 934 3601 ιο
952 3546 1054 3613 inflict3
1074 3549 1134 3618 just
1151 3565 1182 3603 as
1201 3548 1228 3603 it'

123 3642 141 3679 a
156 3626 219 3682 wild
232 3627 311 3684 beast
324 3647 397 3685 were
409 3637 439 3685 ιο
452 3632 548 3685 ettack
559 3649 614 3688 me.

174 3713 225 3768 IV.
263 3720 278 3767 1
302 3715 439 3770 Whether
456 3717 590 3772 innocent
612 3735 736 3788 persons,
750 3719 820 3785 who,
842 3719 1016 3790 interposing
1037 3726 1154 3790 prevent
1177 3720 1226 3775 the

121 3797 238 3854 defense
259 3814 293 3853 οι·
310 3799 391 3871 ssight
406 3802 524 3857 without
541 3802 632 3857 which
644 3804 729 3858 death
745 3812 848 3859 cannot
863 3805 898 3859 bo
914 3806 1031 3859 avoided
1047 3823 1112 3877 may
1126 3806 1162 3860 be
1177 3814 1225 3861 cut

119 3883 202 3937 down
214 3901 249 3940 or
261 3886 402 3958 trampled
414 3888 504 3952 down,
518 3889 542 3942 is
557 3905 574 3941 a
588 3890 726 3959 question.
758 3891 850 3944 There
862 3908 910 3945 are
922 3891 983 3944 who
995 3891 1075 3945 think
1088 3893 1111 3946 it
1122 3892 1225 3956 lawful,

120 3985 191 4024 eren
200 3971 328 4026 Divinas.
351 3972 416 4026 And
428 3974 564 4045 certainly
576 3974 601 4026 if
609 3991 650 4028 we
661 3975 727 4046 only
739 3975 805 4028 look
817 3983 847 4029 at
856 3977 977 4031 Natural
988 3977 1064 4042 Law,
1073 3977 1135 4031 that
1147 3994 1224 4031 cares

121 4055 206 4110 mach
221 4056 277 4111 less
290 4057 337 4111 for
351 4057 404 4113 ties
418 4059 453 4113 of
466 4060 581 4130 society,
600 4058 669 4113 than
683 4061 729 4114 for
743 4060 791 4115 tho
810 4061 924 4116 defenso
942 4063 976 4116 of
993 4063 1042 4116 tho
1060 4063 1222 4116 individunl.

122 4139 179 4194 But
191 4141 242 4197 the
255 4142 309 4197 law
327 4143 361 4198 of
375 4144 446 4208 love,
464 4145 614 4217 especially
629 4145 678 4200 the
692 4148 870 4218 Erangelical
884 4148 945 4212 law,
958 4147 1048 4203 which
1063 4146 1224 4201 commanda

124 4239 158 4278 ns
168 4230 199 4280 to
209 4228 309 4299 regard
321 4230 441 4287 another
454 4247 485 4286 as
500 4233 648 4297 ourselvcs,
663 4232 769 4304 plainly
782 4233 849 4288 does
864 4240 915 4288 not
925 4235 1028 4304 permit
1039 4232 1102 4286 this.

179 4316 196 4363 2
218 4312 338 4370 'l'homas
355 4315 480 4387 Aquinas
495 4318 557 4371 well
571 4335 642 4389 says,
659 4319 685 4371 if
698 4319 722 4372 it
739 4317 774 4373 be
792 4319 897 4390 rightly
917 4319 1011 4381 taken,
1033 4317 1096 4371 thot
1116 4332 1134 4367 a
1156 4329 1221 4366 man

123 4394 212 4452 killed
225 4396 254 4454 ln
270 4401 453 4458 sels-defense
470 4404 494 4458 is
511 4409 563 4458 not
580 4403 665 4458 killed
684 4402 722 4475 by
736 4404 892 4459 intention:
912 4412 963 4458 not
978 4403 1040 4457 that
1055 4398 1223 4463 sometimes,
