2866 4906
455 248 646 306 EPISTOLA
667 249 719 305 AD
742 249 959 306 LECTOREM.
1223 264 1284 307 xxv

130 426 230 497 erant,
254 426 364 485 contra
379 416 412 482 id
429 415 513 505 quod
529 416 624 483 series
641 416 787 483 orationis
804 427 837 484 et
852 418 1007 484 sententia
1030 417 1192 486 manifesto
1214 443 1285 508 pos·

130 519 241 586 talant.
278 517 454 603 Aliquando
471 517 564 582 etism
582 516 686 604 plures
703 517 883 583 exciderant
899 541 999 597 voces,
1017 540 1140 584 sensnm
1157 520 1284 607 plenum

131 619 311 684 efficientesr
333 616 420 703 cujus
434 611 665 708 παροριὶματος
682 618 825 704 exempla
840 617 946 683 videre
960 618 1079 705 poteris
1095 619 1198 705 psnllo
1213 629 1285 706 post

130 718 230 784 locum
248 717 316 805 jam
334 715 402 803 jam
418 716 566 792 adlstnm,
584 716 637 783 ubi
655 716 836 793 monuimus,
852 716 884 781 in
901 718 931 781 N
933 728 985 783 ota
1003 717 1033 786 7.
1051 727 1084 783 et
1101 740 1168 806 cap.
1184 741 1283 787 xxm.

129 818 199 884 Lib.
216 817 261 883 11.
287 824 302 902 p
320 819 373 881 13.
393 838 477 881 num.
494 817 525 880 1.
547 825 584 880 ut
605 816 742 882 ostendit
758 817 844 882 Nota
861 819 879 880 1
904 816 948 882 ibi
972 816 1121 904 subjecta
1173 821 1285 906 Neque

130 917 213 984 enim
229 915 359 982 ductori
380 915 444 980 nlla
461 923 531 980 erat
546 914 627 980 ratio
644 915 723 980 tales
746 915 917 981 sententias
939 925 1048 1003 postea
1063 916 1223 1003 ejiciendi:
1251 920 1284 983 in

131 1016 215 1103 quod
240 1024 316 1081 ante
340 1013 442 1078 omnia
463 1013 697 1079 adcuratissime
719 1013 930 1100 inquisivimus
956 1014 1025 1080 heic
1046 1026 1079 1081 et
1101 1016 1184 1094 alibi,
1207 1040 1284 1105 quo·

131 1116 321 1202 tiescumque
336 1112 455 1201 aliquid
470 1133 662 1199 quacumque
686 1113 726 1179 de
742 1135 852 1180 caussa
866 1114 1047 1181 mutandum
1068 1125 1123 1183 sut
1139 1119 1285 1205 supplen-

131 1215 204 1280 dmn
221 1214 396 1279 videbator.

204 1315 275 1379 Hoc
291 1313 434 1400 primum.
478 1311 579 1390 Quod,
600 1312 743 1400 quamvis
765 1310 798 1376 in
814 1333 848 1377 se
865 1321 1040 1399 spectatum
1062 1335 1125 1379 non
1142 1315 1211 1381 leve
1233 1316 1283 1392 sit,

132 1421 165 1480 et
180 1411 279 1479 solum
295 1413 336 1477 sd
354 1411 625 1477 commendandam
642 1412 819 1477 Editionem
837 1422 974 1477 nostram
992 1413 1036 1477 sic
1054 1414 1285 1480 satisfacturum

132 1523 221 1579 erat:
246 1533 357 1599 parum
375 1522 480 1577 tamen
496 1520 554 1587 est,
571 1512 597 1576 si
614 1533 684 1576 cum
700 1511 738 1576 iis
755 1510 942 1589 conferetur,
961 1533 1031 1599 quae
1048 1512 1115 1578 sine
1131 1513 1194 1579 ullo
1208 1536 1285 1579 aux·

131 1612 194 1688 ilio,
218 1620 307 1677 etex
329 1611 456 1697 proprio
482 1620 589 1676 nostro
611 1612 727 1687 Marte,
750 1610 914 1696 exsequuti
936 1634 1051 1689 sumus,
1073 1621 1138 1677 tum
1160 1613 1192 1678 in
1215 1636 1286 1679 cou-

132 1720 232 1788 textn,
253 1719 321 1777 tum
336 1710 368 1774 in
386 1709 477 1774 Notis
494 1710 653 1775 Auctoris·
665 1710 862 1775 recensendis
879 1719 912 1776 et
929 1712 1148 1798 expendendis.
1200 1715 1287 1779 Prae·

132 1810 224 1898 oipna
244 1809 384 1876 breviter
408 1809 674 1875 enumerabimus:
700 1809 783 1874 unde
810 1810 922 1874 Lector
948 1832 1055 1896 aequus
1078 1821 1112 1876 et
1133 1812 1287 1901 benignus

132 1909 222 1975 facile
244 1907 387 1996 judicare
412 1908 538 1996 poterit,
566 1931 607 1974 sn
629 1929 756 1996 opernm
783 1917 922 1974 nostram
948 1911 1032 1976 ultra
1058 1910 1184 1977 modum
1210 1935 1286 1978 ven·

133 2008 275 2075 ditemus.

202 2108 305 2197 Igitur
318 2131 380 2174 non
397 2129 497 2195 panos
513 2108 581 2173 loca
595 2107 823 2174 immutavimus
841 2118 898 2175 ant
913 2109 1135 2197 supplevimus,
1160 2133 1231 2199 quae
1254 2111 1287 2176 in

133 2208 276 2273 omnibus
290 2208 486 2274 Editionibns
502 2208 649 2273 mendosa
665 2218 721 2274 aut
735 2230 844 2272 manca
858 2217 958 2285 erant,
977 2219 1010 2274 et
1026 2210 1207 2277 adtendenti
1225 2234 1287 2276 non

133 2317 263 2395 possunt
284 2329 347 2372 non
370 2307 446 2372 talia
469 2306 588 2373 videri:
614 2307 678 2372 sive
695 2329 785 2372 error
800 2315 856 2371 aut
871 2307 1010 2372 defectus
1031 2330 1051 2372 a
1071 2308 1188 2375 calamo
1206 2312 1288 2374 Auc-

133 2406 210 2473 toris
226 2405 323 2493 ipsius
340 2406 404 2472 orti
420 2406 493 2483 sint,
519 2407 584 2482 sive
603 2407 642 2470 ab
664 2407 899 2493 Exscriptorum
923 2415 978 2470 ant
1001 2405 1287 2494 Typogrsphorum

133 2504 263 2581 incuria,
287 2505 390 2571 oculos
409 2505 569 2581 Auctoris,
593 2506 667 2571 dnm
692 2505 807 2592 raptim
824 2505 924 2569 verba
947 2504 1127 2590 perlustrat,
1149 2507 1182 2570 in
1198 2528 1289 2593 repe-

135 2605 199 2670 titis
221 2605 317 2670 etiam
340 2604 442 2692 operis
466 2605 515 2670 sui
539 2604 777 2681 recensionibus‚
808 2612 916 2690 postea
945 2604 1081 2669 fallente.
1133 2605 1288 2692 Exemplo

134 2704 338 2770 indicavimus
365 2704 434 2771 Lib.
462 2704 488 2768 I.
518 2725 585 2793 cap.
608 2726 629 2768 1.
659 2706 744 2790 516.
766 2726 851 2771 num.
868 2703 900 2779 7,
924 2714 999 2769 nota
1026 2707 1067 2782 93
1105 2713 1138 2770 et
1164 2727 1231 2794 cap.
1251 2727 1286 2770 11.

136 2806 229 2890 510,
260 2825 342 2868 num.
371 2806 404 2878 4,
429 2813 503 2868 noto
531 2803 571 2871 7:
612 2825 680 2890 cap.
708 2824 755 2868 ιιι.
781 2808 796 2890 §
825 2805 878 2869 11.
904 2825 987 2868 num.
1011 2806 1042 2879 1,
1075 2814 1151 2870 nota
1175 2808 1216 2883 5;
1255 2814 1289 2871 et

136 2911 151 2989 q
181 2905 233 2968 16.
268 2924 352 2967 ιιιιιιι.
377 2905 408 2978 5,
438 2912 514 2967 nota
540 2905 570 2968 8.
632 2903 700 2967 Lib.
729 2902 775 2967 ΙΙ.
802 2924 868 2988 cap.
900 2923 960 2968 x11.
985 2909 999 2988 ξ
1025 2905 1079 2980 10,
1104 2915 1179 2970 nota
1206 2908 1227 2970 4
1256 2914 1289 2970 et

138 3024 205 3089 cap.
222 3022 281 3068 xx.
307 3004 392 3089 540.
410 3023 494 3067 num.
514 3006 545 3078 4,
573 3010 648 3067 nota
664 3004 697 3068 1.
753 3001 822 3067 Lib.
844 3002 905 3069 ΙΙΙ.
937 3023 1004 3087 cap.
1031 3023 1104 3068 xnr.
1133 3009 1193 3090 ql,
1211 3013 1288 3069 nota

137 3103 167 3171 2.
220 3101 284 3168 Sed
314 3123 376 3166 non
404 3101 504 3165 minus
534 3101 708 3166 necessaris
737 3111 806 3166 erat
833 3100 1009 3165 emendatio
1034 3112 1089 3167 snt
1118 3103 1236 3168 additio
1256 3102 1290 3166 in

136 3201 204 3266 aliis
225 3199 320 3277 locis3
356 3200 410 3266 ubi
432 3222 493 3265 non
518 3199 701 3265 monuimus.
753 3199 805 3264 En
827 3200 897 3264 heic
917 3200 1010 3265 etiam
1027 3201 1194 3289 specimina
1214 3224 1290 3266 non·

136 3300 229 3366 nulla.
279 3300 348 3365 Lib.
367 3299 393 3364 I.
418 3321 483 3386 cap.
500 3321 534 3364 11.
560 3303 620 3386 §8.
647 3322 729 3364 num.
745 3303 774 3362 4.
802 3299 879 3390 περὶ
901 3301 1040 3392 χρυσίου
1063 3293 1288 3394 διαφέρεσθαι.

138 3399 189 3463 Ita
204 3397 365 3475 edidimus,
390 3407 427 3463 nt
443 3400 539 3465 habet
555 3400 823 3475 Pnrnosrnsrus‚
849 3397 936 3483 cujus
952 3398 1020 3462 haec
1040 3410 1112 3464 sunt
1129 3400 1234 3482 verbs,
1257 3409 1290 3466 et

137 3496 231 3583 ipsius
254 3497 400 3563 Auctoris
422 3499 523 3563 versio
549 3499 705 3584 postulat:
739 3506 834 3562 antea
863 3496 1029 3584 legebatur
1061 3492 1290 3589 διαλέγεσθαι,

137 3597 220 3683 quod
241 3597 388 3663 mendum
409 3598 451 3662 ab
468 3597 616 3662 Editione
636 3595 709 3662 anni
726 3599 824 3662 1632.
847 3596 901 3662 ubi
923 3596 1007 3661 locus
1029 3597 1154 3665 additus
1176 3600 1289 3674 suerat,

136 3697 177 3762 sd
195 3717 302 3762 omnes
325 3705 434 3783 postes
457 3696 617 3761 Editiones
634 3705 852 3784 propagatum.
900 3691 968 3761 Lib.
987 3697 1031 3766 ΙΙ.
1058 3719 1125 3784 cap.
1145 3718 1175 3764 v.
1203 3706 1217 3783 ξ
1235 3701 1289 3775 22,

137 3796 183 3861 bis
210 3795 443 3862 emendavimus
477 3798 610 3880 Cibyra,
640 3817 682 3860 ex
712 3795 905 3871 Srnnsous,
935 3796 1018 3862 unde
1047 3797 1185 3863 narratio
1216 3798 1291 3864 sacti

136 3895 237 3981 petits
252 3903 310 3972 est,
332 3917 390 3981 pro
414 3897 553 3980 Libyca,
578 3894 662 3981 quod
678 3917 783 3960 omnes
806 3894 968 3959 Editiones
983 3896 1150 3973 insederat,
1166 3898 1207 3963 ab
1224 3897 1292 3984 ipsa

136 4016 234 4080 usqne
248 3994 322 4059 anni
340 3997 438 4069 1632,
459 3992 546 4080 cujus
563 3995 655 4059 etiam
674 3995 733 4058 hoc
751 4002 820 4058 erat
836 3993 1089 4061 additamentum.
1142 3997 1292 4084 Sequenti

137 4097 228 4180 523.
258 4094 361 4182 prima
387 4093 502 4169 Editio,
530 4102 563 4159 et
590 4115 695 4158 omnes
725 4092 795 4156 aliae
822 4094 972 4159 hactenns
996 4094 1189 4162 habuerant:
1215 4093 1293 4169 rode

136 4195 249 4272 νόμους
273 4190 504 4283 ἀπαγορεύειν,
528 4203 596 4268 eto,
621 4191 674 4257 ubi
695 4215 735 4257 ex
755 4192 969 4257 Anrsrorsns
991 4195 1183 4281 reposuimus
1206 4191 1292 4282 α”γο-

136 4290 250 4385 peiere,
276 4303 314 4358 ut
330 4315 382 4357 res
406 4293 474 4379 ipsa
491 4292 633 4378 requirit,
660 4301 693 4356 et
710 4291 860 4357 Auctoris
880 4292 1107 4380 interpretatio,
1129 4294 1206 4359 alias
1220 4315 1292 4356 con-

136 4395 268 4459 trarium
287 4415 409 4458 sensum
436 4393 502 4458 voci
521 4394 640 4458 Grserae
657 4391 811 4457 habitura
859 4391 985 4457 Libii.
1003 4415 1070 4478 cap.
1084 4414 1125 4456 ιν.
1144 4394 1193 4478 §3
1211 4390 1293 4456 circa
